3758 5708
908 410 918 423 ,
992 327 1050 414 at

254 542 461 620 mensiones
493 543 731 615 instimuntur
760 553 801 611 et
833 560 879 610 ex
909 537 1076 637 utrisque
1107 531 1219 609 valor
1240 530 1383 606 medius
1409 534 1576 622 sumitur,
1613 534 1700 633 quin
1723 528 1786 607 bis

255 679 395 755 duabus
420 677 667 780 positionibus
691 677 820 751 sitium
845 669 938 745 illud
964 696 1074 744 sensu
1100 671 1275 771 opposito
1298 665 1434 744 evadit.
1515 715 1519 723 ·
1690 678 1694 685 '

393 813 563 888 Alterum
587 816 736 903 sitim,
758 796 791 883 'a
822 807 1029 912 superficiei
1053 809 1240 908 positione
1265 802 1311 877 ad
1336 804 1493 878 limbum
1514 829 1596 878 uon
1620 828 1781 907 perpen-

256 950 408 1025 diculari
431 964 570 1038 ortum,
606 947 676 1021 hac
698 943 852 1050 quidem
877 948 1019 1018 ratione
1050 945 1185 1044 corrigi
1216 943 1367 1043 nequit3
1401 956 1456 1015 est
1480 965 1569 1017 vero
1603 944 1662 1038 (ut
1684 941 1784 1019 trba

253 1087 291 1189 §.
307 1093 370 1161 31.
399 1086 607 1187 apparebit)
632 1099 706 1157 tam
732 1085 852 1183 exigui
876 1082 1067 1170 momenti,
1092 1093 1137 1152 nt
1162 1081 1315 1152 omnino
1339 1077 1474 1178 negligi
1497 1081 1628 1179 possit.

390 1212 469 1294 Sed
493 1215 619 1320 qsroad
645 1221 766 1320 ipsum
790 1221 1071 1291 instrumentum
1095 1214 1297 1316 plurimum
1319 1216 1484 1305 interest,
1530 1216 1567 1312 l)
1591 1227 1635 1288 ut
1659 1210 1782 1288 discus

253 1360 331 1432 bsh
369 1359 411 1455 2)
436 1370 480 1427 us
505 1354 654 1427 mbtrlus
676 1354 752 1425 dd‘
775 1368 875 1426 secte
900 1355 975 1425 siut
998 1350 1185 1425 collocati.

393 1487 593 1581 Ponamus,
626 1493 828 1590 marginem
849 1489 1081 1588 superiorem
1106 1482 1197 1557 disci
1221 1485 1399 1587 perforati
1423 1488 1496 1560 bbb
1521 1510 1599 1560 non
1623 1510 1779 1588 respon

254 1624 342 1699 dere
366 1625 486 1700 lineae
509 1623 784 1716 -oollimationis,
816 1621 880 1696 sed
902 1622 1080 1724 angulum
1102 1623 1275 1721 exiguum
1297 1648 1326 1709 γ
1351 1648 1435 1694 cum
1461 1632 1508 1694 ea'
1535 1621 1780 1724 comprehen-

254 1758 356 1853 dere3
385 1757 518 1834 deinde
545 1757 703 1832 eundem
727 1785 802 1832 non
831 1783 909 1832 esse
933 1755 1277 1860 perpendiurlarem
1300 1755 1348 1830 ad
1373 1757 1542 1868 leum,
1574 1756 1640 1833 sed
1664 1783 1780 1859 angu-

252 1895 332 1974 lum
364 1888 514 1975 toa-s
540 1921 625 1966 oum
658 1918 704 1965 eo
732 1890 944 1984 includere3
979 1917 1097 1994 porro
1130 1890 1271 1964 lineam·
1292 1893 1412 1968 ΗΧ
1438 1892 1555 1967 limbo
1582 1919 1665 1967 non
1698 1917 1778 1968 esse

251 2029 478 2133 parallelum,
507 2025 579 2102 sed
612 2027 786 2128 angulum
813 2054 834 2099 s
863 2054 947 2100 cum
981 2052 1027 2100 eo
1059 2027 1239 2118 formare3
1272 2023 1438 2128 denique
1469 2025 1634 2105 eiusdem
1657 2028 1779 2104 lineae

251 2169 533 2267 proiectionem,
563 2189 657 2265 quae
682 2160 729 2236 ad
754 2163 910 2236 limbum
934 2158 1248 2264 perpendicularis
1264 2165 1470 2262 cogitetur,
1484 2189 1564 2236 uon
1581 2161 1778 2240 concidere

253 2326 338 2374 cum
369 2297 472 2372 radio
504 2323 574 2400 per
606 2299 649 2371 0⁰
674 2296 801 2390 ducto,
838 2294 902 2372 sed
927 2323 1082 2400 paruum
1104 2296 1280 2397 angulum
1305 2295 1326 2386 ζ
1351 2324 1436 2372 cum
1461 2323 1507 2372 eo
1531 2300 1780 2404 coruprelaen-¹

252 2433 359 2529 dere3
386 2450 467 2508 tum
485 2431 634 2535 quidem
653 2459 745 2535 opus
763 2449 830 2525 est,
858 2448 901 2506 ut
922 2433 1063 2534 angulis
1084 2431 1158 2509 boc
1174 2435 1417 2507 instrumento
1434 2435 1632 2508 obser-ratis
1649 2434 1778 2535 quoad

251 2572 340 2642 vitia
364 2597 392 2655 γ
406 2585 447 2640 et
463 2567 485 2658 ζ
509 2585 678 2642 constans
695 2584 733 2650 et
750 2565 874 2668 quoad
890 2571 977 2642 vitia
991 2562 1018 2638 ei
1030 2584 1067 2642 et
1081 2595 1099 2639 ε
1114 2567 1302 2642 mutabilis
1320 2566 1536 2645 adhibeatur
1550 2573 1747 2647 correctio.
1838 2652 1845 2666 ,

391 2701 569 2793 Primum,
596 2704 731 2775 omissa
754 2701 823 2776 bac
842 2705 1076 2793 correctione
1099 2704 1281 2795 mutabili,
1308 2720 1536 2781 constantem
1559 2704 1662 2789 illam
1685 2731 1778 2783 con·

251 2836 464 2916 sideremus.
505 2836 672 2938 singulus
690 2863 711 2910 a
727 2840 842 2910 nonio
860 2834 1052 2930 indicatus,
1080 2841 1209 2940 quasis
1223 2837 1390 2915 alidadae
1405 2845 1604 2942 positione,
1628 2845 1667 2939 1)
1683 2845 1778 2921 vitio

114 3043 118 3050 ,
151 3026 154 3030 ⁴
249 3003 289 3064 γ,
326 2977 366 3069 2)
391 2977 481 3048 vitio
507 2970 542 3061 ζ,
578 2989 688 3071 atque
713 2976 777 3062 ita,
814 2975 845 3044 si
875 2971 1009 3045 eodem
1034 2973 1339 3080 sensuevadunt,
1376 3001 1505 3051 corum
1529 3004 1683 3070 summa,
1716 2982 1778 3058 sin
1862 2975 1867 2980 ’

251 3110 426 3210 opposito
452 3131 573 3198 sensti,
602 3131 731 3180 eorum
757 3103 964 3181 discrimine
985 3109 1106 3184 maior
1129 3109 1296 3184 minorve
1321 3125 1390 3202 est,
1417 3137 1530 3212 quam
1549 3090 1629 3188 esse
1646 3113 1776 3194 debet.

221 3241 351 3317 ·Haec
375 3245 484 3344 igitur
509 3268 648 3319 summa
672 3241 734 3318 vel
759 3239 980 3335 differentia,
1010 3269 1104 3345 quae
1124 3243 1245 3324 littera
1260 3273 1281 3318 c
1298 3243 1520 3348 designetur,
1549 3263 1605 3323 est
1619 3251 1777 3352 parv-uh

250 3382 431 3482 qtsantitas
468 3395 532 3452 aut
567 3376 618 3450 ad
654 3377 831 3478 angulum
861 3378 998 3455 lectum
1030 3376 1215 3473 addenda,
1256 3397 1320 3477 aut
1348 3383 1397 3457 ab
1430 3408 1478 3458 eo
1508 3385 1773 3464 subtrahenda.

250 3513 374 3607 Quam
398 3515 468 3586 hac
487 3516 635 3617 essone
660 3515 784 3588 inveni
802 3512 874 3612 (ι).
1612 3503 1617 3506 ’

387 3648 541 3730 Annulo
563 3677 636 3728 ccc
659 3651 796 3721 inserui
819 3648 1260 3750 speculum'metnllicum
1283 3651 1449 3754 planum,
1478 3658 1528 3730 ita
1551 3670 1594 3733 ut
1608 3683 1695 3734 cum
1710 3685 1774 3738 tu·
1830 3734 1833 3738 ,

101 3876 105 3885 ¹
248 3786 394 3883 periore
426 3787 587 3886 margine
620 3781 710 3858 disci
741 3784 920 3885 perforati
951 3788 1025 3859 bbb
1056 3788 1095 3859 iu
1126 3814 1243 3860 unum
1270 3789 1423 3890 planum
1437 3788 1637 3900 incideret.
1690 3784 1773 3870 Iam

251 3943 375 4027 quum,
396 3917 578 3997 alidadam
608 3924 726 3994 GEF
754 3946 776 3997 e
808 3918 979 4018 dentibus
1008 3921 1152 3996 rotulae
1177 3929 1216 3998 B
1241 3924 1516 4027 expedivisscm,
1550 3945 1593 4001 ut
1616 3935 1775 4009 nonium

213 4103 217 4106 -
254 4054 292 4130 C
322 4053 364 4132 iu
396 4076 481 4130 eum
510 4053 638 4136 circuli
665 4053 796 4135 ,locutu
825 4053 961 4135 ducere
986 4080 1148 4157 possem,
1171 4062 1243 4145 ‚cui
1271 4062 1487 4164 inscriptum
1511 4077 1567 4137 est
1585 4063 1673 4170 -990,
1692 4038 1775 4171 'per

324 4396 373 4488 (¹⁷)
401 4402 540 4490 Singulos
551 4405 685 4470 iuvenire
697 4410 852 4495 angulosp
867 4425 896 4475 et
908 4411 934 4491 ξ,
942 4435 1005 4475 nou
1017 4436 1090 4496 opus
1103 4426 1161 4486 estr
1179 4418 1350 4501 ceteroquin
1364 4416 1501 4480 faeissime
1514 4420 1639 4502 reperiri
1650 4441 1773 4506 possent

247 4506 388 4570 methodo
407 4508 485 4568 illius
503 4507 600 4586 simili,
621 4530 677 4589 qua
694 4512 730 4572 ad
748 4514 817 4574 vitia
831 4513 850 4575 δ
864 4526 921 4575 ets
939 4515 1052 4599 singula
1068 4517 1244 4580 inveniendav
1260 4538 1328 4580 usus
1343 4536 1416 4597 sum,
1436 4506 1572 4602 et'quam
1586 4527 1771 4610 paragrapho

188 4611 191 4616 '
247 4619 387 4688 sequente
400 4608 570 4670 describam.
