3758 5708
891 314 1024 404 '38

236 528 387 628 angulus
413 552 433 599 a
459 528 573 601 nonio
599 529 673 599 iam
696 522 874 601 indicatus
901 540 1066 612 accurate
1093 526 1161 599 45⁰
1178 552 1198 599 a
1216 530 1341 628 priore
1367 527 1436 601 illo
1461 524 1637 600 differret.
1679 526 1763 600 Hac

236 668 375 738 ratione
408 690 521 764 quum
551 688 620 764 per
643 677 759 736 totam
786 661 912 736 circuli
936 661 1183 765 peripheriam
1209 660 1369 737 indicem
1393 638 1498 736 illum
1524 660 1697 736 ducerem
1724 679 1764 736 et

236 826 344 902 supra
371 796 685 900 quadragesimum
711 802 881 900 quintum
908 776 1093 901 quemque
1120 795 1270 899 gradum
1295 802 1472 891 sisterem,
1503 802 1654 872 omnino
1675 798 1761 872 nul-

234 936 307 1009 lam
332 938 523 1038 percipere
548 939 656 1037 potui
681 937 999 1026 eccentricitatem,
1030 961 1123 1037 quae
1149 938 1259 1037 igitur
1283 935 1400 1010 multo
1421 938 1543 1009 minor
1560 938 1618 1026 sit,
1650 961 1764 1036 quam

239 1074 282 1164 ι’,
311 1098 458 1148 necesse
485 1087 552 1147 est.
711 1047 715 1061 ⁹
911 1054 916 1060 ι

234 1543 503 1609 ANGULORUM
532 1539 902 1605 postmomottls
913 1539 1106 1602 mouns
1139 1539 1373 1605 OBSERVATI
1404 1540 1492 1602 CUM
1523 1541 1763 1606 EORUNDEM

353 1663 589 1726 VALORIBUS
615 1661 844 1724 SECUNDUM
869 1663 1179 1724 BREWSTERI
1203 1663 1347 1725 LEGEM
1374 1663 1642 1727 cotttPUTATts

844 1765 1140 1846 COMPAMTE

941 1930 1049 1943 ——v-n
1068 1922 1071 1930 ¹

1022 1950 1025 1963 ι

378 2033 544 2122 Constat,
577 2029 705 2110 lumen
735 2031 803 2103 sub
836 1976 1006 2105 omnibus
1022 2030 1267 2139 incidentiae
1287 2033 1427 2135 angulis
1457 2038 1569 2134 magis
1595 2039 1762 2115 minusve

156 2175 214 2208 ”“
235 2199 304 2276 per
331 2167 568 2242 reflexionem
598 2144 678 2240 iieri
702 2146 850 2282 pclare,
886 2144 923 2240 et
947 2150 1042 2239 hano
1066 2149 1367 2269 'polarisatidncm
1392 2158 1526 2242 sensim
1552 2177 1761 2275 sensimque

151 2319 190 2352 ‘-
236 2307 317 2381 fieri
352 2304 630 2408 perfectiorem,
672 2303 708 2376 si
741 2284 902 2403 angulus
924 2299 1143 2376 incidentiae
1174 2285 1366 2405 paullatim
1396 2310 1570 2380 mutetur.
1633 2306 1763 2402 Quare

237 2442 391 2518 dunum
422 2443 632 2542 imaginum,
668 2441 708 2512 in
741 2464 829 2540 quas
863 2422 969 2512 fascis
992 2437 1148 2512 reflexus
1179 2441 1227 2512 in'
1246 2422 1428 2543 crystalio
1453 2439 1641 2515 lalandica,
1659 2441 1766 2546 apud

234 2582 279 2654 1³
299 2580 394 2678 (mg.
412 2581 470 2673 9.)
503 2573 689 2666 dividitur,
726 2573 838 2647 altera
870 2576 1014 2672 (usitate
1048 2574 1219 2685 refracta)
1251 2558 1385 2650 exilior
1407 2591 1473 2669 est,
1511 2602 1621 2679 quam
1646 2577 1763 2654 aitera

234 2717 422 2814 (inusitate
443 2691 626 2810 refracta),
657 2725 694 2782 et
718 2708 922 2811 paullatim,
952 2715 982 2783 si
1008 2707 1151 2783 alidada
1177 2708 1334 2802 ducimr,
1363 2711 1409 2785 ad
1435 2715 1627 2784 minimum
1653 2712 1761 2788 clarii-
1834 2738 1839 2744 ·

232 2855 314 2926 tatis
350 2850 531 2967 pervenit.
598 2843 724 2938 Quum
760 2847 870 2944 igitur
904 2843 1159 2938 aestimatione
1188 2829 1406 2923 invenienda
1433 2851 1486 2921 sit
1508 2874 1561 2922 ea
1587 2828 1766 2927 altdadae

232 2989 388 3091 positio,
426 3008 498 3083 qua
528 2985 646 3080 imago
681 2979 766 3052 illa
763 2984 925 3052 minime
948 2966 1079 3053 incida
1109 2965 1172 3071 sit,
1199 2964 1432 3080 singularum
1463 2966 1762 3060 dissertationum

232 3118 324 3195 fides
358 3118 584 3219 aliquatenus
610 3093 729 3188 dubia
763 3122 855 3188 est.'
851 3099 1030 3215 Neque
1059 3110 1152 3235 ‘vero
1185 3119 1387 3191 aestimatio
1420 3112 1528 3192 ilia
1517 3147 1556 3193 m
1570 3120 1765 3196 omnibus

234 3234 455 3358 corporibus
486 3277 601 3354 aeque
635 3254 773 3326 incerta
802 3265 874 3342 est,
913 3254 998 3351 quia
1030 3254 1123 3324 ιιοιί-Ι
1134 3254 1186 3324 in
1206 3254 1382 3326 omnibus·
1402 3254 1615 3377 polarisatio
1638 3239 1766 3360 aeque

233 3393 396 3496 perfecta
422 3389 566 3487 est'¹·.()
622 3385 783 3478 Quam
764 3413 808 3461 ιιι
834 3367 915 3458 solo
942 3383 1082 3460 Fluore
1098 3387 1271 3486 'spatioso
1294 3404 1383 3461 tam
1379 3372 1634 3492 perfectam
1619 3396 1759 3486 raterii,
1820 3476 1823 3485 ¹

232 3545 275 3602 ut
299 3538 378 3600 non¹
403 3504 559 3597 muitum
585 3518 691 3613 absit,
715 3525 822 3625 quin
845 3506 977 3597 exilior
1000 3520 1064 3594 illa
1088 3510 1211 3622 imago
1231 3504 1350 3625 plane·
1372 3502 1589 3602 evanescat,
1627 3529 1678 3601 In·
1698 3523 1761 3604 cess

234 3667 319 3738 teris
354 3662 571 3763 corporibus
603 3653 723 3731 minus
755 3658 972 3760 perfectam
989 3642 1114 3730 eam'
1102 3655 1238 3752 turoni,
1276 3686 1317 3736 ae
1347 3645 1571 3765 praecipue
1578 3669 1618 3738 in
1644 3642 1766 3740 ῗιιιοο

233 3801 440 3900 sulphurato
473 3795 603 3897 exilior
632 3795 737 3868 illa
727 3820 845 3895 imago
879 3819 1043 3915 semper
1041 3791 1252 3894 admodum
1281 3792 1428 3870 lueida
1436 3807 1562 3892 eistat,
1598 3810 1676 3927 quo
1694 3792 1764 3894 iit,r

157 3972 160 3977 ·
233 3953 288 4008 ut
300 3937 499 4008 aestimatio
526 3927 623 4004 ista
618 3933 737 4003 minu's
763 3940 861 4028 cert-a
887 3932 981 4002 sit.-

319 4066 521 4160 Quare
516 4072 569 4140 in
602 4051 704 4139 omni
733 4065 924 4165 superficie
950 4061 1152 4164 indaganda
1172 4073 1227 4138 20
1255 4047 1410 4160 saltem,-
1431 4080 1486 4161 et,
1508 4071 1573 4143 ubi
1598 4073 1761 4172 singula

235 4232 318 4278 rum
335 4186 639 4278 obseruationum
665 4198 771 4274 fides
782 4203 894 4300 magis
922 4197 1032 4272 dultia
1059 4217 1147 4293 erat,
1183 4189 1314 4304 plures
1332 4204 1397 4303 (ad
1422 4211 1476 4279 do·
1496 4206 1666 4335 usipre)
1653 4212 1760 4283 rusti,

235 4346 289 4416 tui
320 4317 553 4429 mensiones,
574 4365 594 4415 e
628 4340 761 4479 quibus
792 4335 954 4411 medium
985 4341 1123 4498 sumpsi
1154 4338 1332 4478 calorem.
1378 4340 1468 4416 Nec
1490 4336 1662 4416 nonita
1658 4322 1765 4420 ddici

279 4602 441 4690 ·()‡Ci.
449 4631 581 4693 priorem
592 4608 832 4673 tirannorum
823 4632 854 4669 m
867 4608 1074 4671 dusenatroms
1087 4598 1154 4669 dne.
1214 4658 1228 4666 ..
1325 4622 1360 4657 -'
