3720 5708
851 317 906 428 33

120 553 170 623 ita
201 565 268 639 est,
304 550 410 623 fascis
443 549 589 622 luminis
620 545 784 622 incidens
809 548 882 623 dX
905 543 1105 621 directione
1133 551 1305 652 XF-per
1329 549 1496 626 foramen
1520 559 1561 630 F
1583 582 1640 632 re·

121 683 291 758 flectitur.
346 685 429 759 Hoc
453 689 563 786 igitur
587 700 765 787 apparatu
790 682 828 757 id
855 683 1024 776 efficitur,
1052 698 1107 776 ut,
1138 685 1475 790 quomodocunque
1501 671 1643 767 alidada

121 819 284 914 ducitur,
318 821 422 895 fascis
453 821 608 896 reflexus
641 846 786 923 semper
816 847 885 923 per
917 820 1084 895 foramen
1115 825 1157 896 F
1184 821 1485 924 transgrediatur,
1520 801 1649 929 neque¹

122 955 324 1059 quidquam
356 956 403 1063 ad
434 955 579 1030 radium
609 956 786 1031 reflexum
819 960 995 1052 continuo
1029 955 1258 1059 sequendum
1288 985 1383 1062 opus
1413 966 1473 1055 sit,
1509 967 1578 1036 nisi
1602 980 1645 1038 ut

122 1093 249 1168 oculus
275 1120 384 1194 supra
410 1093 576 1168 foramen
600 1098 642 1168 F
664 1109 844 1168 teneatur

261 1229 431 1303 Tubulus
448 1231 539 1330 Fsf
552 1230 707 1304 frustum
731 1230 904 1328 Crystalli
916 1229 1121 1303 Islandicae
1138 1182 1315 1322 continet,
1346 1229 1462 1332 quod,
1490 1248 1533 1306 ut
1550 1170 1643 1308 duae

119 1368 293 1466 imagines
318 1369 430 1465 magis
458 1362 656 1467 divergant,
694 1371 733 1439 in
759 1370 855 1440 acuti
879 1368 1061 1467 prismatis
1087 1365 1244 1439 formam
1268 1363 1457 1440 redactum
1482 1373 1626 1467 est(
1627 1404 1659 1428 .,

119 1504 175 1574 ius
209 1501 374 1602 angulus.
391 1488 653 1575 inclinationis
670 1506 813 1575 circiter
844 1501 885 1575 9⁰
916 1501 1069 1604 explet).
1125 1501 1340 1577 Communis
1365 1507 1556 1605 utriusque
1582 1531 1640 1578 su-

119 1635 282 1739 perficiei
298 1639 425 1711 sectio
450 1638 663 1739 principalis
690 1635 735 1710 ad
760 1638 917 1710 limbum
940 1634 1254 1738 perpendicularis
1285 1638 1465 1712 collocata
1491 1656 1557 1732 est,
1592 1644 1642 1715 ita

119 1789 161 1846 ut
184 1776 315 1874 imago
331 1759 511 1846 ordinaria
538 1788 726 1848 evanescat
743 1772 815 1872 (¹)

175 1948 176 1953 1
257 1908 337 1981 Iam
361 1935 460 1983 usus..
471 1913 701 1983 instrumenti
726 1909 833 1982 facile
857 1907 1089 2008 intelligitur:
1127 1909 1358 2008 Superficzem
1382 1909 1638 2008 indagandam,

119 2045 222 2144 apud
242 2047 287 2120 X
305 2048 476 2121 insertam.
490 2074 559 2146 per·
568 2047 739 2146 foramen
760 2049 802 2119 F
823 2046 1005 2144 inspiciens
1029 2044 1210 2116 alr'dadam
1237 2046 1329 2117 ultro
1353 2050 1508 2147 olimque
1531 2046 1639 2143 duco,

119 2181 231 2252 donec
251 2222 255 2227 ·
258 2181 449 2279 foraminis
487 2182 528 2252 d'
559 2184 674 2277 imago
706 2179 857 2269 reflexa,
897 2206 966 2279 per
996 2183 1162 2251 usitatam
1193 2180 1436 2278 refractionem
1468 2186 1556 2265 ana,
1580 2183 1644 2254 vel

119 2332 319 2412 evanescat,
348 2316 421 2387 mel
451 2319 591 2388 minime
623 2315 741 2386 lucida
770 2318 829 2403 sit,·
861 2318 932 2386 iam
961 2316 1038 2412 lego
1063 2316 1235 2411 angulum
1259 2343 1283 2387 a
1309 2321 1414 2389 nonii>
1447 2319 1482 2394 C
1508 2318 1655 2394 indica-1

122 2467 211 2548 tum,
240 2454 305 2554 qui
326 2468 380 2524 est
401 2453 691 2551 complementum
715 2452 836 2548 angula
832 2452 1127 2550 polarisationis

211 2583 374 2679 Quod
405 2591 567 2688 pertinet
598 2584 644 2658 ad
678 2583 952 2660 conditiones
941 2612 981 2658 in
1008 2583 1253 2687 descriptione
1277 2583 1386 2659 huius
1412 2589 1653 2663 instrumenti
1660 2591 1757 2647 vitia
1749 2611 1771 2647 ¹¹²

1659 2663 1740 2718 menti
1752 2684 1771 2719 e:

118 2640 332 2824 postulatas,
366 2748 547 2824 ponamus
578 2726 713 2825 prim0,
751 2720 890 2795 discum
914 2721 1143 2822 perforatum
1168 2723 1244 2795 bbb
1271 2738 1482 2823 ceterasque
1507 2726 1639 2796 instru-
1658 2736 1771 2790 nunu«

118 2862 234 2933 menti
265 2875 386 2960 partes
418 2873 518 2930 recte
545 2857 742 2935 collocatas
769 2881 860 2947 esse,
896 2881 1018 2955 neque
1043 2856 1119 2927 ulla
1147 2868 1287 2927 exstare
1312 2860 1413 2947 vitia,
1449 2859 1519 2928 nisi
1546 2882 1640 2958 quae
1658 2809 1771 2934 iiiiii

121 2999 299 3086 oriuntur,
336 2998 367 3067 si
399 2992 607 3095 superficies
639 2988 842 3092 indaganda
873 2993 1053 3092 superiori
1084 2992 1235 3090 margini
1261 2987 1350 3062 disci
1375 2993 1448 3064 bbb
1473 3017 1551 3064 non
1574 3019 1640 3093 pa·
1657 2962 1771 3110 mg„

119 3130 246 3205 rallela
278 3134 412 3203 inserta
445 3144 512 3202 est.
571 3129 654 3201 Hoc
685 3131 827 3218 vitium,
866 3123 967 3227 quod
998 3151 1116 3226 pauca
1147 3128 1286 3198 minuta
1310 3129 1429 3228 prima
1454 3154 1642 3230 nunquam

122 3265 277 3356 excedit,
312 3268 352 3335 in
384 3261 458 3336 duo
489 3278 613 3364 potest
645 3265 803 3367 seiungi:
848 3263 885 3359 1)
920 3257 1129 3360 superficies
1162 3257 1365 3358 indaganda
1389 3259 1509 3332 lineae
1535 3263 1641 3335 colli-

121 3404 290 3477 metionis
314 3411 391 3473 non
416 3397 629 3501 respondet,
660 3400 700 3495 2)
727 3394 773 3470 ad
798 3395 954 3468 limbum
978 3422 1056 3469 non
1079 3391 1391 3496 perpendicularis
1412 3409 1478 3468 cst.
1534 3394 1639 3487 Quo-

120 3567 203 3614 rum
227 3541 328 3641 prius
354 3539 558 3637 corrigitur,
593 3531 680 3607 dum
704 3548 791 3634 post
813 3558 924 3604 unam
948 3532 1119 3632 pluresve
1145 3532 1416 3606 ohservationes
1430 3531 1553 3615 „factas
1577 3557 1641 3605 an-

121 3675 230 3749 nulus
255 3701 327 3745 ccc
356 3672 447 3745 1800
472 3676 510 3745 in
536 3669 638 3745 disco
662 3669 851 3772 perforato
878 3671 1102 3742 convertitur
1125 3647 1355 3768 totidemque
1371 3667 1440 3742 hae
1456 3670 1640 3770 positione

141 4002 146 4011 ’
179 3982 486 4092 '²(¹)¹'Coustat,''t·ice
503 4013 639 4087 Crystatli
648 3980 812 4089 triduanae
824 3982 884 4064 nou
896 4003 990 4066 solum
1004 3992 1091 4063 omne
1104 4001 1182 4063 aliud
1196 3994 1302 4089 corpus
1314 3996 1410 4062 lucem
1424 4000 1580 4082 dupliciter
1587 3986 1641 4063 ¹re-¹

121 4107 264 4197 fringens,
280 4089 605 4187 sedetiam-quemlibet
617 4105 850 4168 alium‘adhiberi
862 4117 1133 4196 posseapparatum,
1152 4125 1211 4183 quo
1224 4103 1314 4163 altera
1326 4103 1494 4182 polarisatio
1505 4103 1652 4185 gignatur·

122 4215 153 4274 in
171 4213 259 4293 plano
278 4213 313 4271 ad
331 4211 448 4292 planum
462 4210 567 4290 prioris
584 4209 795 4288 polarisationis
807 4206 1052 4288 perpendiculari,
1070 4227 1130 4267 v.c.
1147 4205 1256 4264 discum
1271 4210 1435 4262 Tumialmi
1444 4203 1491 4263 vel
1508 4210 1640 4262 Calceda-

17 4311 19 4314 ⁴
123 4322 180 4381 m'i;
199 4313 292 4371 maior
310 4324 406 4370 autem
428 4310 664 4371 observationum
682 4308 753 4367 fides
771 4308 889 4366 mihi
861 4329 920 4372 visa
939 4319 991 4381 est,
1008 4307 1032 4366 si
1050 4319 1166 4385 praeter
1183 4304 1337 4388 imaginem
1351 4316 1572 4364 evanescentem
1586 4303 1640 4361 alia

124 4425 219 4487 exstat
231 4411 340 4485 lucide
336 4414 445 4493 (quae.
452 4410 501 4473 hic
513 4423 570 4471 est
582 4408 841 4491 extrqoxdinaria),
856 4407 923 4485 quia
945 4419 1016 4467 tunc
1030 4405 1114 4472 facile
1127 4406 1297 4521 percipitur,
1314 4429 1338 4466 si
1330 4406 1430 4466 forte
1444 4404 1563 4463 lucerna
1575 4401 1640 4481 ple-

122 4538 194 4595 pum
205 4482 326 4589 luineu
317 4532 350 4589 m
358 4511 546 4592 supeeficiem
553 4509 742 4592 indagandam
755 4530 818 4569 non
828 4506 940 4568 mittit.
