3758 5708
960 316 1018 406 at)

81 545 111 631 §.
120 560 164 610 ιι.
365 529 426 605 Ad
442 527 697 634 reperiendam
714 524 1001 630 magnitudinem
1018 527 1141 628 anguli
1155 555 1187 602 x
1202 527 1381 602 methodo
1399 527 1539 630 vulgari
1554 552 1752 604 usussum.

225 667 367 743 Eadem
391 672 503 758 enim,
540 695 613 771 qua
637 666 880 768 telescopium
902 666 984 740 FF
1004 662 1103 767 (Fig.
1119 666 1165 765 1.)
1191 668 1300 739 situm
1326 682 1416 756 erat,
1446 663 1637 740 altitudine
1664 666 1754 741 alte·

226 834 310 880 rum
339 805 584 907 telescopium
615 807 744 894 maius,
780 803 852 876 filis
885 807 1102 876 instructum
1135 804 1185 875 ita
1219 802 1412 893 collocavi,
1447 819 1489 875 ut
1521 805 1631 876 ambo
1662 807 1754 877 vitra

228 945 409 1018 obiectiva
435 941 546 1018 adse
570 945 973 1042 invicemispectarent‚
1007 955 1046 1012 et
1069 942 1229 1013 minoris·
1247 939 1441 1052 telescopii
1464 938 1527 1013 frla
1552 943 1592 1012 in
1616 945 1765 1014 maiore·

225 1095 378 1182 possent
409 1081 592 1180 conspici;
628 1076 736 1150 simul
768 1093 890 1151 autem
913 1102 982 1178 per
1006 1079 1091 1155 vitri
1117 1078 1290 1166 obiectivi
1315 1093 1459 1179 partem
1484 1103 1505 1150 a
1531 1081 1673 1152 minore
1700 1095 1756 1152 te·

225 1216 391 1318 lescopio
423 1241 501 1289 non
533 1231 702 1318 opertam
732 1190 985 1316 spectarentur
1014 1184 1197 1305 fenestrae
1230 1210 1361 1323 domus
1390 1221 1463 1321 830
1496 1213 1572 1287 fere
1597 1213 1757 1316 pedibus

226 1368 402 1439 remotae.
450 1353 569 1424 Maius
599 1337 843 1451 telescopium
874 1353 924 1423 ita
952 1328 1028 1424 erat
1055 1321 1248 1441 directum,
1283 1364 1326 1424 ut
1351 1349 1456 1425 filum
1483 1354 1559 1424 eius
1584 1350 1758 1425 horizon-

199 1488 300 1562 ·tale
332 1491 531 1589 marginem
562 1487 742 1561 fenestrae
773 1503 931 1589 tegeret,
968 1487 1150 1589 simulque
1182 1491 1463 1560 instrumentum
1494 1512 1563 1589 per
1589 1488 1757 1562 cochleas

226 1628 277 1716 B,
303 1628 354 1715 B,
381 1630 420 1701 B
452 1627 502 1697 ita
536 1638 613 1697 erat
646 1623 887 1715 collocatum,
922 1640 965 1698 ut
996 1624 1189 1726 telescopii
1211 1627 1292 1700 FF
1322 1623 1426 1697 filum
1458 1623 1687 1698 horizontale
1720 1629 1759 1696 in

227 1764 366 1834 maiore
398 1761 601 1862 telescopio
631 1764 749 1836 visum
781 1789 865 1834 cum
890 1760 998 1832 huius
1024 1760 1090 1833 filo
1119 1778 1155 1834 et
1180 1761 1247 1832 illo
1273 1760 1453 1835 fenestrae
1479 1764 1640 1862 margine
1666 1782 1764 1834 con-²

230 1913 388 1998 grueret.
442 1895 530 1988 Quo
557 1896 693 1969 factum
720 1913 787 1986 est,
821 1913 864 1997 ut
888 1900 1080 1996 utriusque
1105 1897 1297 1996 telescopii
1330 1901 1403 1968 axis
1430 1893 1523 2020 plter
1546 1902 1585 1969 in
1612 1896 1760 1971 alterius

229 2031 476 2135 productione
515 2035 603 2106 situs
640 2046 746 2106 esset.
799 2030 947 2131 Deinde
983 2030 1128 2133 sublato
1147 2031 1367 2135 'telescopio
1403 2037 1542 2106 maiore
1578 2031 1760 2106 alidadam

232 2169 325 2241 1800
350 2172 514 2243 converti
539 2195 612 2241 una
639 2196 722 2241 cum
747 2171 890 2241 minore
915 2148 1132 2268 telescopio,
1167 2172 1206 2240 in
1233 2192 1309 2269 quo
1336 2194 1462 2269 margo
1488 2169 1552 2242 ille
1579 2170 1760 2259 fenestrae

229 2308 394 2407 conspici
418 2322 558 2407 posset.
612 2305 691 2377 Iam
724 2307 754 2378 si
787 2329 911 2405 margo
943 2308 1010 2378 iste
1042 2308 1081 2376 in
1109 2304 1177 2378 filo
1203 2304 1425 2399 horizontali
1452 2311 1633 2408 apparuit,
1667 2307 1759 2380 tele-

229 2447 397 2543 scopium
423 2439 468 2515 ad
496 2467 600 2515 axem
627 2443 876 2535 conversionis
901 2439 1206 2543 perpendiculare
1234 2457 1301 2531 est,
1336 2424 1392 2514 sin
1417 2446 1550 2532 minus,
1583 2441 1761 2516 differen-

229 2583 293 2667 tia,
324 2603 417 2678 quae
445 2544 665 2650 aestimanda
692 2553 747 2649 est
773 2578 965 2693 angularia,
994 2604 1064 2678 par
1089 2594 1143 2650 est
1151 2575 1308 2678 duplici
1334 2582 1423 2652 vitio
1449 2606 1492 2652 x.

368 2713 498 2787 Inveni
529 2712 598 2786 hac
630 2716 786 2803 ratione,
822 2703 953 2786 vitium
984 2740 1015 2786 x
1047 2718 1086 2787 in
1119 2720 1376 2788 instrumento
1394 2741 1471 2789 nou
1505 2715 1600 2789 ultra
1638 2717 1667 2786 1¹
1692 2719 1760 2788 30¹¹

230 2875 322 2940 esse,
361 2875 473 2951 quare
507 2853 688 2922 correctio
720 2820 806 2922 inde
839 2846 993 2922 oriunda
1025 2879 1112 2923 n-
1067 2851 1163 2924 -n¹
1189 2855 1227 2924 in
1253 2850 1358 2925 nullo
1385 2849 1505 2925 indice
1531 2852 1761 2927 refractionis

230 2989 423 3060 observato
467 2990 584 3058 maior
625 2983 756 3072 evadit,
803 3000 913 3086 quam
942 2997 991 3099 ·0‚
999 2995 1214 3093 00000018,
1256 3015 1349 3086 quae
1383 2989 1500 3060 multo
1534 2993 1657 3062 minor
1688 3007 1756 3080 est,

230 3148 340 3224 quam
366 3147 507 3194 errores
535 3147 555 3193 e
582 3124 710 3194 ceteris
737 3123 1001 3196 observationis
1027 3124 1122 3195 vitiis
1149 3118 1308 3201 oriundi.
1336 3122 1491 3226 [Itaque
1518 3150 1559 3199 ea
1578 3131 1759 3200 correctio

228 3259 339 3361 plane
364 3256 498 3359 negligi
522 3274 658 3359 potest.

371 3397 565 3494 Exiguum,
601 3392 647 3466 de
681 3419 756 3494 quo
782 3394 818 3494 S
840 3398 899 3466 15.
929 3369 1160 3484 dictumest,
1197 3399 1327 3469 vitium
1353 3397 1611 3472 collimationis
1639 3403 1760 3500 (quod

229 3535 307 3606 fere
333 3533 397 3604 10¹¹
418 3557 521 3620 esse,
538 3529 647 3602 simili
672 3528 823 3603 modo
812 3533 949 3621 rnveni,
980 3556 1057 3630 quo
1083 3531 1212 3604 vitium
1237 3540 1267 3603 x
1288 3529 1474 3630 indagavi)
1501 3532 1562 3607 hic
1590 3525 1755 3674 quoque,

228 3686 271 3744 ut
296 3695 404 3770 supra
430 3671 470 3739 in
495 3666 686 3740 metiendis
713 3665 852 3768 angulis
877 3667 1137 3784 inclinationis,
1166 3665 1302 3741 nullius
1328 3670 1513 3743 momenti
1534 3671 1601 3747 est.
1683 3690 1698 3706 '¹

369 3807 494 3880 Index
526 3809 633 3937 tgztur
662 3806 895 3938 repi'actronis
910 3833 931 3921 c
956 3778 1116 3935 [ιιιιιιιῖι
1144 3804 1199 3945 S.
1200 3792 1269 3880 18
1280 3782 1453 3942 ειειιιίια
1479 3814 1556 3884 stiae
1582 3812 1656 3886 ulla
1681 3840 1757 3886 cor-

233 3946 382 4015 rectione
407 3931 602 4042 computari
620 3959 747 4041 potest.

49 4188 75 4242 1)
94 4092 208 4241 §12anss
375 4077 473 4149 Tum
506 4078 551 4150 ad
584 4075 804 4177 indagandas
829 4080 924 4150 vires
949 4076 1215 4178 refringentes,
1222 4056 1310 4154 tum
1335 4080 1381 4154 ad
1406 4081 1622 4157 metiendos
1638 4087 1757 4188 (quod

78 4208 134 4243 eu
135 4206 208 4242 mma

50 4280 166 4334 quor
115 4260 178 4314 refr'
166 4280 209 4312 ru-

50 4354 98 4405 gen
83 4334 135 4387 ndo
148 4353 195 4386 uua
179 4352 208 4384 us

52 4426 116 4473 sum,
128 4417 227 4460 natura

209 4217 327 4288 infra
362 4212 579 4314 describam)
620 4212 781 4313 angrdos
799 4203 1096 4315 polarisationis·
1105 4216 1243 4301 lumine
1276 4217 1447 4293 lucernae
1481 4219 1637 4296 oleariae
1670 4252 1758 4302 usus

236 4381 329 4427 sum.
385 4349 511 4443 Quum
541 4348 579 4422 id
613 4353 784 4452 prismate
810 4352 1042 4433 refractum
1032 4381 1071 4427 ιιι
1097 4355 1241 4429 colores
1268 4355 1506 4458 dispergatur,
1534 4359 1640 4434 filum
1664 4362 1755 4437 tele-

236 4493 352 4591 scopii
383 4494 422 4562 in
455 4486 638 4561 metienda
669 4487 816 4561 luminis
842 4487 1053 4566 deflexione
1080 4490 1258 4568 collocari.
1281 4492 1439 4570 debebat
1464 4499 1503 4570 in
1528 4496 1646 4572 media
1672 4522 1754 4598 spe-
