3720 5708
964 130 976 167 b

866 235 995 399 11⁸

125 535 199 611 tur,
235 544 301 593 axe
335 533 524 619 congruat,
560 519 763 622 ambaeque
790 520 874 593 cius
901 514 1112 622 superficies
1136 515 1184 604 ad
1212 517 1403 622 telescopii
1419 522 1498 596 FF
1519 522 1656 628 vitrum
1715 534 1719 550 ’

94 656 350 738 ,οὓίεοῑὶνιιιη
379 669 502 731 versus
535 669 714 757 spectent,
751 651 789 727 id
822 651 924 758 quod
954 653 1177 729 horizontali
1202 659 1434 759 proiectione
1460 656 1652 735 exhibetur

519 397 530 434 Ι

124 796 165 866 in
189 792 269 894 Fig.
284 799 337 883 2.,
365 792 432 864 ubi
456 818 549 864 nmo
576 806 631 863 est
655 790 807 892 angulus
832 790 1078 865 inclinationis
1104 791 1322 866 metiendus.
1669 799 1764 876 (Fit-2·

263 914 343 999 Iam
375 954 460 1000 cum
489 927 682 1028 telescopii
706 930 842 1001 vitrum
876 927 1025 1002 oculare
1048 944 1161 1030 atque
1186 928 1292 1002 filum
1317 933 1367 1003 ita
1393 929 1646 1022 collocaveris,

124 1067 178 1139 uti
211 1067 383 1140 convenit
417 1059 606 1137 distantiae
638 1064 774 1136 obiecti
804 1064 843 1135 in
868 1061 1052 1165 producto
1078 1064 1270 1165 telescopii
1295 1092 1361 1139 axe
1385 1070 1512 1168 positi,
1548 1071 1593 1167 (i.
1613 1093 1647 1143 e.

122 1204 173 1275 ita
204 1217 246 1274 ut
277 1199 387 1273 simul
418 1197 524 1271 filum
557 1213 594 1273 ct
627 1199 814 1272 obiectum
846 1198 1017 1274 distincta
1043 1203 1345 1303 conspiciantur),
1381 1205 1420 1275 in
1445 1203 1650 1305 telescopio

122 1352 287 1440 spectare
312 1338 451 1437 poteris
476 1334 584 1409 huius
612 1336 747 1409 obiecti
763 1339 967 1437 imaginem
992 1339 1038 1410 ab
1064 1353 1226 1440 utroque
1251 1341 1433 1440 prismatis
1458 1338 1572 1414 latere
1592 1365 1649 1414 re·

120 1472 266 1563 flexam,
304 1488 341 1546 ct
372 1469 523 1576 quidem
553 1498 573 1545 a
605 1470 756 1571 dextero
788 1440 873 1567 mo,
910 1475 941 1546 si
966 1472 1011 1546 ad
1039 1469 1238 1566 dexteram,
1270 1501 1296 1547 a
1322 1476 1584 1568 sinistro'mrr,
1620 1478 1652 1549 si

123 1607 168 1682 ad
203 1613 383 1682 sinistram
413 1633 487 1681 una
521 1634 605 1681 cum
635 1611 810 1710 prismatc
843 1623 880 1682 et
911 1607 1116 1712 telescopio
1143 1606 1325 1683 alidadam
1351 1608 1468 1686 ducis.
1520 1610 1651 1686 Priore

123 1772 208 1821 casu
233 1772 301 1846 per
327 1743 518 1818 dexterum
544 1742 679 1834 solum,
713 1745 920 1844 posteriorc
949 1769 1019 1847 per
1044 1747 1230 1849 sinistrum
1256 1743 1447 1818 dimidium
1472 1750 1556 1822 vitri
1583 1751 1650 1821 ob·

121 1884 243 1956 iectivi
268 1885 307 1954 in
331 1879 575 1982 telescopium
600 1879 727 1952 lumen
751 1881 874 1953 intrat.
928 1877 1007 1953 Iam
1033 1905 1118 1953 cum
1141 1907 1258 1952 unum
1273 1878 1446 1982 idemque
1465 1882 1651 1955 obiectum
1738 1895 1744 1909 ²

121 2021 160 2091 in
185 1995 341 2117 utraque
366 2015 566 2090 reflexione
591 2014 658 2088 filo
683 1997 823 2088 tectum
849 2017 931 2106 erit,
966 2031 1016 2107 ct,
1052 2042 1146 2117 quos
1171 2020 1275 2089 nonii
1306 2015 1482 2109 indicant,
1519 2015 1649 2118 gradus

119 2157 335 2254 minutaque
359 2156 478 2253 prima
506 2168 543 2226 et
568 2148 726 2223 secunda
752 2151 952 2251 utrobique
970 2149 1115 2252 legeris,
1145 2177 1344 2252 cognosces
1365 2153 1537 2254 angulum
1554 2158 1650 2228 inter

119 2306 313 2388 utramque
338 2287 531 2388 telescopii
556 2274 799 2359 directionem
821 2285 1144 2390 comprehensum,
1171 2286 1271 2363 unde
1296 2292 1479 2391 prismatis
1497 2289 1648 2392 angulus

120 2424 367 2499 inclinationis
393 2424 598 2524 computari
622 2437 759 2523 potest.
889 2511 893 2517 η

259 2559 303 2634 Si
335 2561 434 2632 enim
463 2562 548 2634 vitri
582 2557 738 2635 ocularis
772 2573 810 2633 et
840 2556 896 2631 fili
925 2559 1062 2660 positio
1093 2557 1286 2652 talisest,
1318 2559 1466 2662 qualem
1498 2562 1646 2637 obiecto
1712 2569 1764 2655 §.1

45 2718 50 2761 .·
120 2699 250 2770 directe
281 2699 360 2770 viso
394 2697 676 2772 convenientem
708 2691 797 2787 dixi,
833 2693 926 2769 radii
952 2686 1079 2771 omnes
1105 2697 1152 2769 ab
1176 2723 1254 2771 uno
1282 2699 1418 2773 obiecti
1442 2690 1583 2801 puncto
1608 2665 1689 2773 inA
1752 2666 1759 2682 ⁹

118 2835 268 2937 planam
293 2825 525 2936 superficiem
554 2830 757 2904 incidentes
785 2847 822 2903 et
846 2832 893 2902 ab
921 2857 964 2903 ea
988 2831 1120 2922 rrssexi
1141 2837 1411 2933 coniungrmtur
1436 2839 1476 2907 in
1500 2835 1581 2927 filo,
1617 2839 1648 2908 si
1665 2813 1764 2867 ¹¹¹⁶¹¹⁸l⁰

1682 2903 1723 2938 om
1745 2904 1764 2938 u*

119 2969 171 3062 id,
208 2967 310 3072 quod
344 2984 399 3042 est
432 2971 471 3040 in
501 2964 687 3069 producto
719 2965 911 3068 telescopii
935 2991 1016 3058 axe,
1052 2951 1259 3069 superficiei
1282 2985 1474 3071 punctum,
1489 2905 1680 3065 cadem?
1726 2904 1743 2956 1³

89 3121 194 3209 'qua
225 3105 287 3180 hic
306 3108 395 3179 ..axis
428 3108 516 3178 situs
551 3119 617 3195 cst,
642 3099 857 3177 directione
888 3098 1032 3199 radium
1063 3099 1285 3199 incidentem
1309 3105 1478 3181 reflectit.
1535 3104 1649 3209 Quod

120 3259 243 3315 autem
273 3257 453 3342 punctum
483 3242 541 3328 iis,
578 3264 666 3337 quas
696 3237 924 3338 paragrapho
951 3236 1197 3315 antecedente,
1213 3245 1337 3339 posui,
1375 3240 1649 3340 conditionibus

120 3382 160 3451 in
183 3379 365 3480 prismatis
391 3379 485 3450 iacet
509 3375 684 3475 margine.
738 3370 830 3475 Ideo
856 3375 897 3445 in
923 3369 1082 3446 emenda
1109 3378 1382 3476 computatione
1404 3357 1506 3451 inter
1521 3403 1647 3452 omnes

118 3512 241 3590 radios
268 3542 289 3589 a
313 3516 486 3616 prismate
512 3509 667 3585 reflexos
692 3535 809 3583 unum
823 3508 1094 3603 tantummodo,
1126 3514 1244 3613 quiin
1262 3538 1499 3588 communem
1512 3517 1644 3589 utrius·

121 3678 195 3754 quc
220 3650 426 3753 superficiei
451 3651 650 3750 marginem
674 3645 817 3740 incidit,
847 3647 1140 3750 contemplemur
1165 3673 1312 3724 necesse
1339 3667 1407 3725 est.

169 3846 177 3867 ,
232 3833 235 3842 -
263 3786 455 3892 Sit'igitur
478 3813 575 3860 noro
601 3785 694 3884 (Fig.
711 3788 767 3884 3.)
793 3787 977 3886 prismatis
991 3800 1041 3881 =et
1064 3789 1131 3884 ms
1148 3784 1340 3890 telescopii
1364 3790 1501 3888 positio
1526 3791 1566 3861 in
1584 3801 1764 3877 rc·(1·“tg.a.¹

120 3925 279 4000 flexione
306 3898 465 4015 dextera,
494 3920 600 3994 n'mo'
627 3935 664 3994 et
688 3919 766 4020 mf'
790 3923 1008 4023 positiones,
1039 3947 1132 4023 quae
1156 3921 1230 3995 illis
1255 3920 1494 4025 respondent,
1522 3927 1562 3997 in
1586 3951 1644 3999 re·

119 4062 279 4138 flexione
298 4063 476 4150 sinistra,
517 4085 577 4132 rm
615 4053 748 4151 radius
774 4060 814 4130 in
853 4061 1052 4162 marginem
1089 4057 1254 4134 incidens
1290 4064 1438 4163 utrique
1455 4064 1645 4164 ¹positioni

122 4203 339 4274 communis.
398 4169 564 4271 Ponatur
595 4195 747 4298 angulus
781 4199 877 4293 inter
907 4193 1097 4271 dexteram
1128 4213 1240 4302 atquc
1272 4202 1452 4275 sinistram
1476 4197 1643 4273 reflexio·
1731 4281 1734 4285 ,

122 4361 209 4411 nem
234 4335 435 4438 descriptus

757 4396 1005 4557 fossae
