3720 5708
262 537 381 613 Alteri
414 534 618 610 conditioni
663 538 720 637 (ut
751 562 876 638 margo
909 539 1091 640 prismatis
1123 539 1194 629 axi,
1238 541 1332 612 circa
1366 564 1477 642 quem
1508 537 1649 613 alidada
1707 547 1736 633 §-
1749 555 1772 613 tl

126 678 362 766 convertitur,
393 678 438 747 sit
462 672 659 776 parallelus
684 669 711 747 i.'
728 699 762 747 e.
792 672 837 746 ad
863 673 1020 747 limbum
1043 671 1374 776 perpendicularis)
1408 702 1519 777 quam
1545 703 1650 753 accu-

123 815 300 887 ratissime
326 810 490 885 satisfieri
517 836 610 912 opus
638 825 704 883 est.
761 808 874 903 Quod
900 811 968 886 hac
994 815 1135 884 ratione
1163 828 1352 885 exsecutus
1378 839 1471 887 sum.

262 949 512 1021 Instrumento
540 973 608 1050 per
634 946 802 1020 cochleas
827 949 878 1037 B,
894 951 945 1038 B,
961 950 999 1020 B
1026 947 1118 1047 (Fig.
1140 950 1192 1048 1.)
1213 951 1262 1022 ita
1280 948 1478 1041 collocat0,
1508 966 1549 1023 ut
1565 977 1649 1053 pars

124 1084 245 1186 aliqua
272 1087 408 1165 obiecti
435 1082 573 1157 directe
597 1087 665 1159 visi
691 1085 793 1185 (puta
819 1086 1019 1184 marginem
1034 1085 1137 1183 tecti)
1163 1110 1247 1156 cum
1272 1085 1463 1187 telescopii
1487 1086 1554 1159 filo
1580 1086 1648 1162 ho·

122 1221 290 1295 rizontali
322 1236 552 1321 congrueret,
591 1218 732 1293 discum
764 1221 824 1292 dd
855 1236 891 1293 et
922 1223 1058 1321 prisma
1085 1244 1157 1322 ope
1183 1219 1419 1293 cochlearum
1444 1225 1478 1313 b,
1499 1226 1533 1313 b,
1553 1225 1575 1296 b
1599 1225 1650 1296 ita

121 1361 244 1460 posui,
279 1372 321 1430 ut
353 1360 392 1430 in
422 1374 577 1459 utraque
608 1356 807 1430 reflexione
841 1354 941 1430 idem
964 1359 1052 1431 tecti
1077 1381 1202 1456 margo
1230 1384 1314 1430 cum
1338 1356 1405 1429 filo
1430 1356 1651 1431 horizontali

121 1509 351 1594 congrueret.
407 1491 520 1587 Quod
553 1493 634 1566 fieri
666 1519 745 1568 non
776 1509 914 1595 potest,
951 1497 1022 1566 nisi
1054 1521 1138 1567 cum
1170 1495 1281 1567 ambo
1314 1497 1495 1596 prismatis
1521 1494 1645 1597 plana,
1737 1487 1739 1491 ’

120 1626 280 1732 ideoque
307 1633 510 1704 communis
538 1655 667 1701 eorum
692 1654 817 1728 margo
844 1632 901 1701 axi
928 1633 1176 1703 conversionis
1201 1629 1377 1731 parallela
1403 1646 1500 1704 sunt.

262 1763 368 1867 Opus
400 1782 455 1839 est
484 1762 668 1866 indagatu,
701 1791 792 1836 num
816 1765 1070 1839 mensionihus
1093 1762 1322 1846 adhibendae
1348 1770 1421 1839 sint
1447 1769 1645 1840 correctio·
1659 1779 1772 1838 eorrect

114 1923 200 1994 nes,
229 1905 260 1976 si
285 1901 381 1974 forte
406 1901 598 2003 telescopii
622 1904 701 1976 FF
724 1904 813 1973 situs
840 1925 922 2002 erga
948 1904 1231 1976 instrumentum
1254 1901 1423 2004 paullulo
1450 1899 1576 1977 differt
1600 1904 1647 1977 ab

32 2041 34 2045 ’
122 2065 182 2132 ec,
212 2041 341 2143 quiin
367 2036 613 2139 descriptione
640 2037 691 2138 (ᾗ.
709 2039 763 2137 9.)
787 2036 1010 2138 postulatur.
1055 2100 1057 2105 ,

260 2173 443 2247 Primum:
472 2174 612 2249 Vitium
638 2173 911 2265 collimationis,
940 2170 1100 2274 siquod
1127 2189 1181 2248 est
1213 2175 1253 2273 (i.
1269 2199 1303 2248 e.
1332 2177 1363 2248 si
1390 2177 1464 2249 axis
1489 2174 1644 2251 telesco-
1703 2178 1772 2262 §.1⁵

120 2315 174 2414 pii
206 2313 325 2382 minus
358 2324 524 2382 accurate
556 2306 716 2381 directus
749 2322 804 2381 est
827 2333 896 2411 per
920 2325 1100 2412 punctum
1124 2313 1164 2383 in
1189 2307 1374 2412 producto
1401 2337 1467 2386 axe
1494 2338 1646 2388 conver-

113 2451 232 2570 ⁸sionis
264 2447 402 2546 situm),
437 2444 531 2518 nihil
564 2441 609 2518 ad
642 2447 850 2518 mensiones
883 2445 982 2537 facit,
1020 2473 1104 2518 cum
1136 2472 1156 2518 a
1188 2445 1306 2518 hmho
1342 2464 1442 2521 recte
1467 2447 1649 2523 indicetur

108 2583 271 2685 'angulus
298 2581 553 2684 atelescopio,
583 2585 748 2685 quamvis
764 2585 920 2655 maxime
939 2598 1039 2656 extra
1057 2597 1225 2656 centrum
1243 2580 1397 2675 directo,
1428 2580 1644 2687 descriptus.

119 2717 289 2810 Parvula,
320 2744 413 2820 quae
441 2716 571 2792 exinde
597 2722 697 2792 nasci
722 2734 861 2822 posset,
889 2719 1082 2821 parallaxis
1107 2735 1196 2793 tunc
1221 2715 1335 2792 modo
1355 2719 1564 2822 paullulum
1581 2723 1647 2796 ali-

63 2942 65 2946 ,
121 2854 210 2960 quid
243 2858 423 2928 momenti
452 2853 619 2946 haberet,
654 2858 685 2927 si
717 2858 847 2930 vitium
880 2855 1138 2928 collimationis
1173 2851 1374 2928 admodum
1406 2881 1577 2956 magnum
1609 2873 1647 2932 et

120 2994 307 3068 obiectum
338 2990 516 3066 reflexum
547 2988 654 3066 valde
685 2993 941 3092 propinquum
966 3006 1079 3082 esset3
1114 2993 1154 3062 in
1178 2993 1222 3063 iis
1247 3016 1351 3082 veru,
1389 3018 1478 3092 quas
1504 2995 1647 3067 institui

120 3132 404 3217 ohservationes,
426 3130 577 3200 omnino
597 3124 814 3227 negligenda
834 3142 899 3213 est,
927 3130 1066 3228 quippe
1085 3151 1178 3227 quae
1195 3142 1296 3201 tanta
1314 3129 1451 3200 obiecti
1469 3118 1647 3217 distantia,
1765 3134 1769 3147 “

120 3281 294 3367 quantam
325 3267 364 3334 in
394 3263 584 3362 plerisque
611 3242 928 3360 observationibus
960 3261 1084 3351 fuisse,
1121 3286 1230 3361 supra
1262 3262 1420 3360 (§13.)
1446 3261 1533 3354 dixi,
1562 3266 1647 3366 plus

120 3405 284 3504 quinque
311 3397 442 3471 millies
468 3400 591 3499 minor
617 3411 683 3488 est,
714 3423 825 3499 quam
840 3400 970 3472 vitium
995 3394 1268 3488 collimationis,
1298 3394 1400 3498 quod
1427 3400 1548 3500 ipsum
1568 3427 1644 3474 non

118 3539 214 3613 ultra
242 3537 307 3610 10²²
332 3534 477 3610 efficere
503 3536 638 3610 inveni.
1728 3631 1732 3638 1

257 3672 440 3764 Alterum,
470 3668 572 3773 quod
595 3673 635 3749 in
651 3673 723 3743 situ
738 3667 930 3771 telescopii
948 3666 1026 3743 esse
1042 3683 1166 3770 potest
1181 3671 1323 3762 vitium,
1352 3670 1426 3744 hoc
1443 3688 1510 3764 est,
1541 3672 1642 3776 quod
1699 3681 1728 3765 §-
1739 3691 1772 3746 16

119 3813 193 3885 axis
217 3806 409 3909 telescopii
434 3806 551 3880 limbo
578 3806 674 3879 forte
700 3830 778 3879 non
805 3820 860 3879 est
883 3803 1092 3908 parallelus,
1122 3803 1186 3877 sed
1212 3832 1328 3907 parvo
1354 3806 1487 3907 angulo
1509 3835 1541 3897 :c
1562 3834 1646 3883 eum

118 3973 242 4024 versus
267 3942 474 4017 inclinatus.
528 3943 611 4016 Hoc
638 3943 789 4044 quoque
813 3944 943 4016 vitium
967 3940 1013 4015 ad
1039 3941 1104 4014 has
1129 3945 1337 4015 mensiones
1362 3943 1456 4016 nihil
1480 3944 1591 4052 valet.
1665 3950 1670 3959 '

255 4079 440 4156 Ponamus
466 4083 576 4173 enim,
611 4083 651 4153 in
681 4077 927 4154 delineatione
959 4078 1146 4183 sphaerica
1178 4104 1200 4152 e
1231 4095 1358 4153 centro
1386 4081 1433 4153 M
1464 4079 1645 4184 descripta
1696 4047 1701 4056 ¹

118 4222 219 4322 (Fig.
237 4220 292 4318 4.)
323 4218 415 4293 AA!
442 4243 519 4291 esse
551 4186 612 4293 vel
642 4216 800 4289 limbum
829 4216 889 4293 vel
910 4217 1098 4292 'circulum
1130 4216 1247 4290 limbo
1280 4216 1516 4318 parallelum3
1558 4218 1648 4294 ΒΜ
1663 4228 1772 4307 (rign.)

117 4330 165 4432 sit
198 4354 351 4430 directio
383 4353 576 4456 telescopii
607 4356 697 4428 vitio
730 4381 761 4427 x
794 4353 938 4447 affecti,
959 4367 961 4371 ’
982 4380 1025 4428 ea
1060 4351 1211 4455 quidem
1241 4358 1445 4455 positione,
1484 4380 1556 4454 qua
1588 4356 1656 4428 di..

37 4523 42 4528 ·
119 4511 212 4570 recte
245 4494 468 4592 conspicitur
500 4494 699 4582 obiectum,
736 4493 787 4564 ita
818 4506 861 4564 ut
893 4491 993 4565 B‘M
1025 4489 1178 4565 directio
1211 4495 1258 4564 sit
1287 4489 1381 4564 radii
1414 4490 1460 4562 ab
1496 4491 1642 4566 obiecto

118 4629 400 4736 proficiscentis3
436 4630 523 4704 cM
544 4631 589 4703 sit
615 4625 778 4704 eiusdem
802 4626 994 4730 telescopii
1020 4625 1187 4720 directio,
1215 4624 1367 4729 'quando
1389 4652 1458 4728 per
1477 4628 1639 4720 reflexio·
1685 4649 1687 4654 ·
