3758 5708
848 315 930 406 '35
1039 411 1044 415 ,

139 528 317 601 foramina
349 530 472 600 tenuia
506 525 535 598 d
565 505 613 599 et*
631 525 672 598 d'
697 527 838 625 inspexi
864 523 1055 626 speculum
1080 523 1317 615 metallicum,
1346 538 1384 607 et
1409 521 1590 605 alidadam
1614 530 1664 603 ita

139 663 333 753 collocavi,
375 678 417 735 ut
447 664 641 762 imaginem
673 661 861 734 foraminis
891 661 933 734 d'
965 664 1015 733 in'
1037 659 1104 733 illo
1139 663 1390 761 conspicerem
1422 659 1594 736 reflexam
1609 631 1612 637 Ι
1627 642 1672 737 in¹

138 797 263 873 medio
283 796 442 900 partulo
469 801 606 898 spatio,
632 794 737 898 quod
760 823 839 898 per·
853 796 919 871 illa
941 796 1122 871 foramina
1143 793 1442 907 riderirpoterat,
1477 798 1577 883 ,Iam
1598 802 1665 900 igi·

137 952 199 1009 tur
231 933 421 1036 speculum
453 931 546 1006 illud
579 907 885 1035 perpendiculare
919 948 996 1036 erat
1015 931 1073 1032 ¹ad
1107 932 1242 1005 lineam
1274 933 1401 1023 dd'X,
1448 950 1486 1007 et
1517 959 1665 1008 necesse

138 1085 227 1161 erat,
256 1073 411 1143 nonium
436 1066 598 1142 indicare
626 1068 706 1159 900,
736 1072 766 1141 si
792 1072 921 1145 vitium
946 1095 1023 1141 c=
1037 1073 1069 1140 θ’
1087 1082 1192 1160 erat,
1217 1071 1274 1140 sin
1298 1070 1431 1161 minus,
1461 1066 1669 1145 differentia

137 1208 233 1280 inter
252 1207 319 1278 900
338 1221 375 1278 et
400 1205 573 1304 angulum
598 1207 760 1287 a'nonio
779 1203 989 1280 ,indicatum
1012 1202 1175 1306 aequalis
1202 1220 1279 1277 erat
1304 1207 1394 1305 vitio
1422 1208 1587 1306 quaesito
1605 1233 1637 1278 c.

275 1340 330 1414 Ut
353 1344 494 1430 vitium,
525 1340 627 1441 quod
653 1344 693 1413 in
719 1311 1045 1414 eaexaminatione
1064 1342 1234 1412 exsistere
1252 1363 1398 1412 necesse
1416 1357 1505 1431 erat,
1535 1345 1565 1414 si
1582 1366 1663 1443 spe·

136 1465 262 1551 culum
276 1474 389 1557 disci
410 1479 568 1576 margini
596 1493 679 1549 'non
709 1475 1033 1577 parallelumxerat
1052 1478 1253 1565 insertum„
1278 1478 1546 1576 corrigeretur,
1570 1502 1664 1578 opus

128 1627 225 1706 erat,
260 1612 437 1685 annulum
462 1639 530 1683 ccc
564 1620 628 1710 (ut
650 1600 765 1713 supra
785 1612 925 1712 μᾶ)
952 1611 992 1684 in
1023 1609 1124 1685 disco
1150 1609 1347 1703 bt631800
1373 1614 1553 1704 converti,
1586 1637 1662 1688 mc-

135 1740 504 1849 utmnqueralorem-
527 1769 571 1820 ex
597 1743 914 1823 observationibus
939 1763 1105 1850 utraque.
1120 1749 1305 1847 positione
1331 1746 1443 1820 factu
1460 1751 1566 1820 sumi.

183 1928 185 1937 ·
274 1870 356 1957 Hac
378 1885 521 1962 ratione
547 1880 675 1959 inueni
695 1881 858 1958 medium
885 1908 909 1956 e
933 1891 980 1955 20
1007 1883 1258 1956 mersionibus·
1283 1882 1459 1958 valorem
1472 1885 1596 1958 vitiis
1626 1885 1628 1888 ⁴

778 2053 826 2088 =
852 2019 894 2090 0Ο
947 2019 1017 2110 0',1

131 2169 172 2230 et
196 2157 323 2245 mnus,
351 2169 550 2256 postquam
577 2155 848 2229 observationes
874 2153 1209 2239 hocinstrumento
1226 2153 1342 2228 factas
1355 2151 1471 2248 finivi,
1500 2152 1687 2230 inedium.
1737 2200 1742 2240 :

133 2274 297 2365 valorem
323 2313 344 2363 e
374 2297 419 2362 10
446 2290 704 2364 mansionibus
771 2313 782 2352 a
953 2350 956 2354 .

767 2423 819 2488 -ς
841 2389 883 2462 0⁰
936 2388 1035 2478 0',05

132 2588 227 2666 quoe
257 2565 439 2665 quantitas
468 2561 643 2634 menda
669 2577 728 2634 est
752 2562 806 2635 ad
834 2559 1006 2659 aagzdwn
1038 2587 1062 2632 a
1087 2561 1197 2634 nonio
1219 2559 1424 2635 indicatam.
1477 2561 1658 2639 Maximae

134 2696 363 2771 differentiae
395 2700 493 2770 inter
523 2695 683 2797 singalas
712 2701 920 2772 mensiones
947 2712 990 2771 et
1007 2695 1173 2772 valorem
1197 2692 1360 2771 medinm
1384 2699 1424 2770 in
1447 2695 1509 2771 his·
1531 2699 1657 2775 obser·

132 2834 340 2910 rationibus
365 2859 443 2906 non
469 2831 650 2905 excedunt
675 2835 722 2906 33,
1040 2805 1042 2810 ¹
1149 2912 1152 2917 .
1236 2919 1240 2925 Ι

144 2953 147 2957 ’
273 2967 393 3089 Simili
418 2964 531 3041 modo
557 2970 643 3042 vitia
669 2961 691 3038 d
713 2982 783 3040 ete
808 2991 885 3039 non
912 2961 1063 3066 quidem
1089 2961 1261 3079 dimetiri,
1291 2962 1355 3037 sed
1380 2942 1464 3039 satis
1490 2986 1655 3045 accurate
1713 2987 1781 3074 §.31

114 3107 322 3178 aestimare
335 3082 464 3204 potui.
512 3100 731 3203 inspicienti
757 3105 856 3174 enim
879 3126 948 3202 per
972 3099 1151 3173 foramina
1176 3098 1213 3171 d
1228 3115 1265 3172 et
1281 3099 1323 3172 d‘
1328 3102 1541 3231 speculum
1563 3102 1656 3180 illud

131 3240 369 3330 metallicum,
400 3234 501 3338 quod
528 3234 668 3327 eadem,
699 3262 809 3336 quam
834 3234 948 3306 modo
968 3234 1066 3324 dixi,
1083 3237 1231 3306 ratione
1240 3239 1403 3333 positum
1421 3254 1510 3328 erat,
1535 3241 1655 3341 imago

126 3373 264 3453 reflexa
297 3398 375 3446 non
407 3374 576 3476 apparuit
607 3375 661 3444 in
680 3374 764 3472 ipso
788 3368 912 3457 medio
937 3372 1058 3471 spatio
1070 3394 1152 3470 per
1175 3367 1355 3443 foramina
1379 3370 1442 3443 illa
1467 3375 1559 3464 viso,
1589 3374 1653 3448 sed

128 3511 336 3616 paullulum
376 3507 422 3606 ad
456 3507 643 3583 dexteram
661 3532 997 3609 ,vergensgjquam
1029 3504 1272 3610 differentiam
1306 3507 1478 3608 angulum
1510 3512 1654 3584 circiter

130 3650 173 3719 0ο
199 3649 233 3720 3'
258 3647 403 3720 efficere
428 3647 629 3736 aestimavi3
656 3643 718 3740 hic
744 3641 895 3746 angulus
921 3639 1131 3742 designetur
1146 3638 1266 3714 littera
1283 3668 1321 3730 μ.
1375 3642 1500 3718 Ducto
1519 3642 1653 3720 deinde

97 3786 243 3858 'nonio
271 3785 348 3862 C
338 3808 377 3855 ιιι
404 3807 487 3854 eum
513 3779 641 3877 circuli
663 3768 812 3871 locum,
838 3780 898 3851 cui
917 3768 1150 3883 inscriptum
1163 3792 1217 3849 est
1244 3776 1350 3868 2700,
1387 3780 1577 3881 speculum
1604 3783 1651 3855 ab

129 3899 299 4022 opposita
331 3933 435 4021 parte
468 3902 627 4006 inserui,
654 3900 721 3987 ita
735 3910 777 3988 ut
802 3918 936 3988 iterum
961 3912 1007 3987 ad
1032 3909 1218 3986 tubuhm'
1228 3911 1301 3984 dd‘
1326 3930 1518 4033 spectaret.
1572 3915 1650 3991 Iam

127 4058 334 4160 inspicienti
359 4078 434 4156 per
458 4052 638 4157 foramina
662 4051 691 4124 d
714 4066 751 4125 et
775 4051 817 4127 d!
833 4053 929 4127 risa-
940 4067 997 4131 est
1015 4053 1151 4162 imago
1167 4013 1355 4159 foraminis
1380 4051 1420 4123 d'
1415 4051 1649 4159 paullulum

129 4190 176 4264 ad
206 4195 385 4292 sinistram
415 4215 596 4293 tergeo-023
608 4142 850 4293 designetur
853 4187 951 4281 haec
970 4185 1191 4277 differentia,
1227 4212 1338 4353 quam
1362 4186 1440 4261 fere
1468 4188 1510 4259 0o
1537 4189 1570 4260 2
1596 4188 1647 4261 ef-

128 4324 238 4400 ficere
263 4328 461 4416 aestimavi,
490 4324 611 4398 littera
638 4352 666 4397 ι.

269 4459 442 4535 Ceterum
472 4459 534 4532 hic
569 4429 720 4560 quoque
733 4455 962 4562 (utsupra)
995 4462 1081 4533 vitia
1104 4441 1132 4532 e
1163 4457 1274 4532 falsa
1270 4445 1425 4561 speculi
1449 4459 1646 4531 insertione

128 4589 282 4674 ornmd'ar
307 4586 472 4670 correcta
496 4611 584 4668 rum
609 4594 1001 4668 conversione-annuli
1023 4622 1132 4667 ccc:
1186 4627 1215 4677 y
1268 4667 1272 4674 ,

1271 4728 1346 4828 [δ’]
