3720 5708
516 970 826 1156 ''elus
877 1004 1200 1154 culon.

148 1243 647 1389 presentationis
686 1242 763 1345 ou
801 1253 1123 1349 conionum
1158 1220 1588 1344 monstrosum

60 1425 64 1429 ·
385 1516 388 1521 ,
484 1535 525 1553 ‚-
616 1402 1129 1547 ,numunianum

806 1612 960 1641 a

697 1749 904 1847 „L

145 1927 396 1991 nnscnnmo
422 1915 712 1991 msrnuuuun
734 1926 789 1988 nr
812 1878 1017 2005 nuruum,
1045 1925 1199 2025 vans
1221 1926 1278 1989 Au
1304 1923 1622 1991 Exetottluoltt

266 2062 268 2067 ·
539 2048 623 2108 uu·
641 2045 974 2107 unumunurm
998 2047 1105 2108 usus
1132 2047 1226 2108 sun
1348 2073 1350 2076 ⁴

120 2226 371 2421 Corporum
395 2321 470 2394 vim
493 2318 754 2420 refringentem
779 2303 925 2393 mensus
951 2345 1032 2393 sum
1056 2318 1205 2393 luminis
1230 2322 1403 2423 prismata
1424 2324 1647 2422 permeantis
1724 2336 1769 2419 §.1

120 2454 337 2530 deflexione.
429 2463 434 2469 '
896 2530 900 2535 .

129 2614 134 2648 ³
257 2593 564 2683 instrumentum,
604 2616 682 2693 quo
715 2593 755 2665 in
790 2616 832 2666 ea
864 2590 1097 2694 indagatione
1130 2617 1216 2666 usus
1249 2618 1349 2684 sum,
1388 2583 1581 2668 exhibetur
1606 2597 1647 2668 in
1662 2609 1768 2698 petest,

118 2729 245 2831 Figsi.
266 2732 283 2828 (
308 2731 339 2825 ).
1663 2697 1768 2744 nuruum

169 2910 173 2918 ·
257 2863 412 2940 Limbus
437 2864 675 2940 horizontalis
699 2867 802 2954 AA,
829 2866 931 2937 emus
958 2862 1155 2938 diametrus
1181 2863 1309 2939 decem
1334 2865 1489 2967 pollices
1516 2865 1642 2959 efficit,
1664 2881 1736 2956 (rig.
1745 2889 1768 2940 1.

120 3005 318 3078 sustinetur
340 3000 490 3105 tripode
507 3004 558 3093 P,
586 3003 704 3076 tribus
730 2999 890 3074 cochleis
907 3004 957 3092 B,
974 3004 1025 3092 B,
1041 3004 1081 3074 B
1095 3003 1286 3074 instructo.
1324 3000 1458 3103 Neque
1475 3001 1544 3075 hae
1561 2994 1646 3106 par·

16 3159 25 3175 ⁸
118 3156 187 3231 tes,
216 3164 339 3242 neque
355 3139 598 3240 telescopium
614 3141 708 3229 EE,
739 3154 816 3239 qu'o
842 3140 1015 3237 cognosci
1039 3153 1175 3240 potest,
1203 3163 1294 3212 num
1318 3141 1542 3240 positionem
1565 3167 1644 3214 mu·
1695 3193 1696 3197 =

118 3280 249 3352 caverit
283 3279 584 3363 instrumentum,
622 3276 719 3344 inter
746 3273 1027 3345 ohservationes
1060 3287 1269 3345 moventur.
1324 3273 1479 3347 Ceterae
1513 3278 1646 3349 instru-

120 3416 235 3487 menti
259 3427 381 3515 partes
408 3436 492 3484 cum
517 3405 660 3483 alidada
685 3423 770 3482 sunt
795 3410 952 3499 iunctae,
981 3410 1032 3481 ita
1052 3424 1095 3481 ut
1111 3435 1184 3482 una
1201 3435 1286 3482 cum
1303 3433 1345 3483 ea
1362 3427 1599 3486 moveantur..

257 3545 415 3622 Alidada
438 3550 546 3627 CCC
568 3547 686 3621 tribus
718 3559 860 3619 constat
890 3544 1062 3637 brachiis,
1100 3560 1260 3647 quorum
1278 3534 1468 3650 vquodque
1493 3551 1647 3623 nonium

89 3774 91 3778 v
121 3689 229 3788 gerit,
264 3686 323 3760 his·
347 3688 487 3776 neniis,
524 3687 588 3786 qui
620 3691 696 3756 ’120
724 3679 853 3785 gradus
886 3685 1046 3756 intense
1072 3680 1224 3774 distant,
1260 3663 1534 3759 eccentricitatis
1559 3689 1646 3760 vitia

119 3819 273 3927 perinde
308 3825 557 3922 corrigimur,
593 3847 635 3892 ac
667 3823 788 3893 noniis
822 3817 1004 3892 diametro
1035 3821 1105 3893 sibi
1132 3823 1325 3921 oppositis.
1370 3821 1525 3894 Limhus
1550 3826 1645 3895 auri-

120 3959 303 4051 chalceus,
339 3972 488 4059 argento
516 3954 697 4033 obductus
724 3932 861 4030 directe
887 3951 933 4028 ad
964 3955 1025 4027 10'
1048 3981 1166 4060 usque
1197 3955 1333 4031 diuisus
1366 3973 1440 4050 est3
1478 3983 1550 4061 ope
1576 3984 1643 4033 no·

64 4275 68 4286 ¹
197 4240 245 4331 (¹)
271 4252 511 4327 lustramentum,
525 4249 604 4329 qnod
616 4249 646 4310 iu
658 4249 738 4310 hunc
750 4270 833 4310 usum
845 4248 1054 4313 instituendum
1068 4250 1176 4327 curavi,
1190 4250 1311 4332 proprIe
1326 4263 1370 4313 est
1382 4249 1508 4312 circulus
1521 4251 1645 4332 speculis

120 4351 247 4412 munitus
261 4350 487 4429 (Spiegellrreu),
506 4350 729 4434 aTcoughtone
742 4351 838 4417 artiste
851 4351 1016 4428 consectus,
1032 4351 1083 4431 qui
1095 4351 1180 4414 sccile
1193 4352 1243 4429 ita,
1255 4364 1289 4413 ut
1300 4353 1392 4429 volui,
1405 4364 1521 4434 poterat
1532 4352 1646 4429 instrui,

121 4452 189 4534 quia
208 4452 238 4510 iu
256 4451 408 4532 superiore
427 4451 510 4512 limbi
527 4463 609 4536 parte
628 4452 690 4514 sola
709 4465 771 4513 erat
786 4451 912 4537 alidada3
934 4451 1050 4534 specula
1070 4466 1245 4535 ceteraeque
1261 4467 1357 4535 partes
1369 4455 1405 4515 ad
1419 4474 1452 4513 ea
1466 4455 1645 4534 pertinentes

120 4565 188 4615 sunt
206 4551 283 4613 infra
301 4550 438 4623 limbum3
459 4548 534 4635 ¹qnne
554 4565 661 4631 antem,
679 4576 769 4637 quum
786 4546 829 4615 ad¹
840 4576 924 4616 usum
941 4552 1000 4615 hoe
1018 4553 1087 4616 loco
1106 4554 1330 4617 describendum
1348 4554 1408 4617 nou
1420 4555 1596 4636 pertineant,
1615 4538 1646 4616 in

120 4657 212 4738 ligura
230 4666 298 4717 snut
317 4652 429 4716 omissa.
802 4660 805 4665 '
1458 4666 1461 4670 ’

1286 4779 1342 4883 [²]
