3758 5708
884 291 910 380 7

131 506 393 585 eructationem
424 503 687 603 experiantur,
706 525 780 602 pet
810 514 937 600 quam,
968 526 1046 576 non
1077 517 1215 579 mutata
1240 506 1353 578 totius
1379 529 1515 581 massae
1542 508 1578 579 vi
1603 533 1658 580 re·

131 641 325 740 fringente,
363 653 485 710 tamen
519 606 679 739 angulus⁴
702 637 973 739 polarisationis
1006 654 1197 736 mutetur,
1239 640 1324 718 Hoc
1348 639 1522 723 facillime
1547 645 1660 718 utare
1751 641 1768 705 s

129 779 211 861 tibi
214 774 393 871 ridearis,
413 777 443 885 si
457 773 680 877 superficies
705 800 834 855 reoans
852 774 1023 877 politas'
1012 801 1051 849 ιιι
1069 774 1363 882 disquisitionem
1379 804 1504 874 voces,
1530 777 1658 853 Banu-

129 941 278 996 suanus
275 927 408 989 autem
432 937 510 1022 non
536 908 637 1024 dicit,
668 914 758 991 eius
770 915 825 1001 rei
850 912 1056 1014 periculum
1082 933 1120 989 sc
1146 913 1288 991 fecisse.
1726 888 1728 892 Α

208 1048 366 1133 Duo
388 1006 647 1131 tantummodo
679 1051 793 1128 vitra
805 1051 844 1123 in
875 1048 1001 1125 tabula
1035 1066 1334 1144 enumerantur,
1357 1053 1519 1140 alterum
1546 1051 1659 1157 Opali

129 1192 256 1270 instar
266 1185 491 1276 coloratum,
527 1184 686 1272 alterum
712 1184 847 1291 coloris
880 1189 1095 1279 aurantiaci,
1127 1215 1287 1290 quorum
1311 1194 1513 1291 posterius,
1543 1195 1575 1264 si
1598 1192 1661 1289 (ut

128 1323 246 1423 solet)
272 1291 604 1423 carbone-betulae
623 1320 837 1433 ⁴'coloratum
862 1338 951 1416 erat,
989 1327 1155 1416 omnium
1179 1326 1256 1402 fere
1282 1329 1462 1402 vitrorum
1487 1327 1659 1401 facillime

129 1459 427 1563 decomponitur,
462 1437 465 1495 j
602 1483 605 1487 ·
719 1506 734 1525 .‹

271 1594 547 1697 Qualiscunquc
574 1609 696 1668 autem
722 1613 777 1669 est
802 1622 907 1670 causa
920 1567 1040 1671 'huius
1066 1598 1266 1672 anomaliae
1293 1603 1332 1672 in
1357 1603 1459 1675 vitris
1486 1603 1655 1676 observa·

128 1751 201 1826 tae,
231 1720 388 1818 similem
420 1733 847 1843 aliquammutatioucm
869 1736 984 1814 etiam·
1006 1736 1047 1806 in
1071 1750 1279 1808 ceterorum
1303 1763 1504 1843 corporum
1530 1764 1656 1840 supcr-

78 1907 84 1915 ·
128 1869 281 1943 ficiebus
306 1869 432 1943 locum
457 1868 627 1941 habuisse
653 1868 779 1950 facile
776 1872 993 1980 suspiceris,
1023 1895 1118 1971 quas
1144 1887 1186 1949 ut
1210 1871 1412 1974 plurimum
1428 1871 1475 1947 ad
1501 1878 1657 1948 maiores

128 2005 209 2083 illas
234 2004 460 2087 differentias
485 2007 740 2101 contribuerit,
768 2004 850 2089 ficri
873 2020 1010 2108 potest.

195 2144 345 2228 Et
351 2142 420 2217 alia
447 2141 619 2236 forsitan
639 2140 791 2225 accedit
812 2144 1024 2221 causali
1058 2150 1277 2247 computatis
1309 2084 1449 2248 angulis
1482 2153 1654 2249 cognosci
1724 2197 1752 2235 ,.

129 2224 265 2382 potest,
288 2278 436 2357 talores
463 2277 719 2370 refractionis,
740 2304 844 2380 quos
865 2279 1108 2362 Baswsrasos
1135 2279 1181 2361 ad
1200 2283 1374 2358 calculos
1393 2289 1550 2375 vocavit,
1579 2311 1654 2360 ma·

125 2419 225 2499 xima
251 2386 424 2517 exparte
451 2439 514 2497 eos
541 2441 632 2507 esse,-
664 2439 763 2518 quos
789 2419 868 2517 ipse
893 2420 996 2519 prius
1021 2415 1206 2497 dimensus
1233 2435 1288 2497 est
1302 2437 1354 2500 ct.
1375 2424 1414 2496 in
1438 2421 1537 2513 libro
1565 2447 1652 2498 suo:

128 2556 168 2639 A
200 2556 361 2635 Transire
388 2580 435 2627 oo
450 2554 561 2634 ,Ncw
580 2551 848 2654 sz'losoplu'ool
868 2557 1109 2635 Ιιιιιιιιιιιειιιι
1133 2559 1172 2633 in
1197 2554 1360 2634 medium
1384 2558 1560 2659 protulit,
1582 2583 1660 2637 nou

132 2705 256 2762 autem
288 2688 420 2789 liquet,
457 2716 547 2765 num
580 2686 707 2767 eadem
728 2687 786 2797 ‚ad
818 2689 1025 2766 metiendos
1055 2692 1211 2794 angulos
1241 2694 1659 2799 polarisationisexem·

128 2824 245 2928 plaria
281 2823 506 2916 adhibuerit,
522 2794 528 2802 .
546 2828 679 2926 quibus
712 2842 819 2900 antea
851 2824 896 2899 ad
924 2826 1203 2930 indagandam
1189 2834 1264 2904 vim
1289 2831 1548 2932 refringentem
1572 2858 1658 2904 usus

96 2996 98 3003 ·
130 2977 197 3053 est,
227 2960 265 3033 id
293 2959 432 3063 quod
422 2988 461 3035 m
487 2965 529 3035 iis
557 2961 684 3035 saltem
711 2964 930 3063 corporibus
956 2989 1034 3036 non
1059 2965 1254 3040 verisimile
1276 2983 1342 3058 est,
1372 2971 1411 3040 in
1430 2969 1563 3068 quibus
1581 2993 1656 3040 me·

129 3096 244 3180 dium
272 3084 327 3198 uti
352 3094 509 3189 videtur,
538 3096 702 3172 valorem
727 3095 856 3171 indicis
881 3098 1110 3174 refractionis
1134 3093 1323 3176 ediversis
1341 3105 1656 3183 observationibus

130 3237 294 3334 sumpsit
350 3233 465 3305 Verbi
492 3259 595 3304 causa
624 3231 747 3331 quoad
773 3211 914 3306 Wtrwn
936 3239 1135 3307 Antimom'z
1156 3238 1320 3310 valorem
1345 3238 1508 3310 medium
1534 3265 1579 3310 ex
1600 3245 1655 3311 in-

44 3339 47 3345 *
129 3366 210 3442 dice
228 3359 467 3458 refractionis,
499 3391 610 3467 quem
628 3370 720 3468 ipse,
751 3392 887 3469 coque,
909 3395 1019 3470 quem
1035 3352 1279 3448 Wotmsrou
1296 3376 1448 3465 invenit,
1478 3391 1515 3447 et
1533 3375 1654 3476 quoad

128 3507 370 3581 Adamaotem
395 3502 559 3578 valorem
583 3501 746 3577 medium
772 3529 791 3576 e
819 3500 972 3598 duabus,
1011 3534 1101 3608 quas
1126 3511 1205 3610 ipse
1231 3512 1399 3602 instituit,
1428 3505 1655 3585 refractionis
1719 3544 1722 3556 ι

130 3642 445 3716 observationibus
471 3638 517 3712 ad
544 3641 695 3742 angulos
722 3640 989 3742 computandos
1018 3641 1226 3720 adhibuisse
1243 3643 1401 3721 videtur.
1447 3636 1514 3721 Est
1533 3664 1654 3722 autem

129 3775 239 3852 index
264 3777 490 3850 refractionis
517 3781 556 3849 in
582 3780 623 3853 V
621 3782 687 3848 itm
706 3780 907 3852 Antimomi'
929 3795 1077 3853 auctore
1094 3781 1319 3856 Bnuwsrnuo
1345 3790 1474 3876 2,2to,
1505 3801 1654 3857 auctore
1737 3807 1742 3813 ’

128 3913 392 3990 Woumsroun
424 3917 550 4003 1,980,
580 3928 729 3986 auctore
754 3912 943 3988 Nswrouu
967 3921 1095 4009 1‚889;
1124 3919 1212 3990 item
1227 3921 1267 3991 in
1283 3920 1488 3993 Adomonte
1505 3938 1653 3995 auctore

128 4050 317 4125 anroun
346 4053 476 4141 2439,
506 4064 655 4123 auctore
680 4050 906 4125 Bnuwsruuo
935 4053 1050 4143 utto
1080 4070 1117 4126 ct
1143 4054 1273 4147 tuat,
1303 4072 1451 4130 auctore
1469 4056 1652 4164 Rocuouu

32 4281 37 4290 Ι
130 4188 261 4278 2,755,
290 4184 328 4258 id
357 4183 458 4287 quod
484 4189 523 4258 in
549 4191 822 4288 computatione
848 4203 991 4262 tantum
1017 4190 1129 4263 efficit
1155 4163 1430 4294 discrimen(¹),
1459 4210 1501 4268 ut
1526 4193 1572 4267 ad
1596 4199 1652 4268 in·

130 4319 249 4394 dicem
281 4322 509 4396 refractionis
542 4337 580 4395 et
611 4323 784 4424 angulum
815 4324 1085 4427 polarisationis
1118 4345 1284 4405 accurate
1318 4334 1413 4405 inter
1439 4357 1478 4405 se
1504 4358 1651 4433 compa·

205 4594 254 4682 (¹)
282 4602 330 4664 cf.
344 4603 560 4667 adnotationem
573 4607 703 4688 priorem
716 4607 766 4668 fini
780 4607 864 4669 huius
879 4608 1085 4674 dissertationis
1098 4608 1248 4674 adiectam.
