3758 5708
15 1869 221 1959 '§··³7·..

2 1961 80 2049 Nora
96 1966 220 2021 obser-2

1 2047 133 2120 rpuonum
146 2059 187 2094 se·

25 2126 59 2162 es.

944 286 1001 375 ta

207 516 375 605 possunt.
422 496 550 573 Potius
575 494 834 599 suspicandum
860 511 953 587 orat,
987 494 1198 598 superficies
1225 501 1302 570 hon
1327 496 1439 573 fuisse
1465 513 1542 575 tam
1563 509 1675 600 'puras
1703 518 1744 575 et

208 641 279 712 toti
309 640 474 738 corporis
505 659 643 709 massae
665 634 940 734 bomogeneas,
978 657 1088 734 quam
1112 631 1191 723 hic',
1227 635 1294 705 ubi
1320 631 1367 707 de
1393 634 1517 716 solius:
1531 635 1742 737 superficiei

207 777 398 874 ringitur,
435 797 529 874 opus
557 788 622 846 est.
668 770 712 844 Id
740 797 786 844 eo
812 769 954 844 facilius
978 767 1323 872 potuitaccidere,
1339 771 1657 873 quiapleraequo·
1677 786 1739 853 bo·

207 938 289 983 rum
319 908 445 1013 plures
477 924 560 982 ante
592 933 733 981 menses
761 934 781 979 a
807 906 1020 980 mechanico
1047 922 1212 980 tornatae
1245 922 1281 979 et
1312 923 1394 981 ante
1421 906 1485 981 has
1513 910 1739 991 observatios

205 1068 271 1121 nes
291 1050 373 1118 iarn
404 1041 450 1117 ad
474 1041 730 1117 metiendam·
722 1047 810 1117 uim
838 1043 1101 1241 refringentem
1130 1058 1334 1144 rurupatae
1359 1061 1480 1136 erant,
1518 1071 1609 1146 quo
1615 1048 1739 1169 uarias
1769 1052 1772 1057 ’

207 1184 440 1361 contagiones
467 1196 641 1282 expertae
665 1205 741 1255 esse
766 1194 1018 1281 poterant..

271 1317 510 1390 ·Nullam‘
529 1315 701 1447 quidem
711 1317 1006 1389 observationem
1032 1318 1185 1406 institui,
1223 1320 1297 1389 nisi
1317 1315 1529 1418 superficie·
1538 1343 1649 1418 quam
1674 1344 1736 1409 ac,-

206 1456 428 1530 ornatissime
442 1449 650 1579 depurata;
686 1429 857 1543 ettennon,
887 1468 929 1525 ut
954 1453 1043 1524 'mihi
1068 1449 1340 1554 persuaderem,
1376 1481 1466 1526 num
1490 1452 1563 1526 hoc
1590 1442 1734 1571 suffice}

204 1605 275 1680 ret,
311 1568 453 1679 finitis,
474 1615 564 1690 quas
598 1571 711 1662 modo
744 1592 864 1679 citavi,
903 1580 1154 1664 mensionibus
1187 1586 1373 1690 angulum
1382 1589 1707 1697 polarisatioms
1696 1614 1736 1731 rp

205 1725 410 1849 superficie,
441 1723 486 1799 de
514 1729 615 1798 cuius
630 1729 844 1833 integritate
872 1729 1006 1798 certior
1032 1751 1160 1817 essem,
1194 1724 1364 1849 indagare
1391 1731 1578 1800 constitui.
1709 1752 1739 1839 p,

350 1864 495 1937 Vttrum
520 1865 573 1936 E
604 1861 767 1952 adhibui,
804 1866 942 1963 quippe
969 1861 1071 1961 quod
1100 1866 1284 1952 omnium,
1313 1889 1407 1964 quae
1433 1847 1599 1964 indagavi
1625 1824 1731 1981 sins,

205 2001 376 2087 maximas
401 1959 621 2100 praebuerat
646 1988 885 2071 differentias.
935 1996 1059 2071 Tertia
1085 2001 1271 2097 prismatis
1292 1990 1536 2100 superficies
1526 2026 1565 2072 rn
1588 2025 1645 2074 eo
1656 1992 1734 2113 noti

204 2134 322 2249 polita
356 2152 444 2207 erat.
496 2132 647 2226 Quam
652 2140 767 2234 quum'
802 2137 880 2234 ipse
913 2142 1118 2207 tornasse'ur
1151 2149 1187 2206 et
1219 2133 1449 2235 polivissem,
1488 2126 1732 2237 instrumenti)
1830 2120 1836 2129 ¹

203 2273 352 2361 inserui,
383 2274 535 2383 eiusque
562 2270 735 2370 angulum
758 2269 1030 2371 polarisationis
1058 2268 1265 2370 disquisivi3
1301 2272 1424 2344 inveni
1450 2268 1631 2344 medium.¹
1628 2293 1663 2346 .·'e
1662 2242 1731 2359 fib
1847 2286 1852 2295 “

201 2384 517 2482 dbservationibus
534 2405 697 2494 valorem
715 2405 782 2479 570
796 2407 864 2493 40‘,
871 2408 913 2476 6·
904 2421 1175 2506 ,computatus
1199 2420 1320 2478 autem
1337 2404 1441 2478 valor
1459 2423 1513 2480 est
1530 2412 1551 2483 5
1558 2406 1672 2485 7¹⁰38
1671 2362 1742 2517 ‚ii

200 2545 323 2642 itaque
356 2537 639 2617 differentia-
594 2597 640 2618 .„
594 2541 812 2628 -'÷002,
824 2548 856 2614 1.
908 2540 1055 2614 Deinde
1090 2539 1253 2614 eiusdem
1283 2545 1465 2643 prismatis
1497 2530 1731 2691 superficierip

202 2700 319 2786 eam,
340 2703 433 2785 quae
466 2693 570 2750 antea
602 2674 846 2750 differentiam
876 2674 1095 2749 dederat-
1110 2676 1242 2768 0038',
1281 2651 1403 2750 denuo
1428 2646 1564 2778 polivi,
1589 2650 1639 2752 ¹et
1663 2674 1731 2791 an}

199 2797 325 2915 gulum
349 2813 656 2915 polarisationis
646 2839 685 2886 111
710 2839 752 2885 ea
779 2811 963 2887 dimensus
990 2840 1084 2904 sum,
1115 2810 1225 2915 quem
1251 2815 1444 2888 inveni:
1399 2812 1606 2903 -,.57041'
1614 2812 1659 2904 f,
1662 2820 1731 2951 itp

198 2942 241 3025 fit
267 2946 472 3024 differentia
500 2953 616 3022 sit-
571 3006 616 3017 -.
571 2948 790 3035 -†002‚
799 2952 834 3022 9.

341 3081 467 3175 Quum
497 3084 564 3157 hae
597 3088 743 3185 exiguae
776 3081 1004 3155 differentiae
1035 3086 1130 3155 intra
1155 3081 1246 3155 fines
1273 3086 1530 3159 contineantur·
1555 3050 1729 3197 vitiorum
1811 3160 1819 3173 ,

199 3219 448 3310 fortuitorum,
479 3245 572 3320 quae
601 3246 644 3293 ex
669 3220 882 3322 imperfecta
909 3221 1164 3315 observatione
1191 3223 1371 3302 oriuntur,
1402 3226 1569 3296 omnium
1593 3198 1728 3328 corpd}

197 3364 297 3449 rum,
336 3383 429 3458 quae
462 3372 568 3428 antea
600 3355 871 3456 indagaveram,
907 3356 1058 3455 angulos
1090 3355 1360 3457 polarisationis
1392 3361 1431 3430 in
1464 3342 1728 3460 superficiebus
1843 3418 1848 3425 -

198 3498 302 3569 novis
336 3510 373 3567 et
405 3520 516 3594 quam
547 3494 785 3591 integerrimis
817 3491 940 3566 denuo
973 3491 1181 3595 disquisivi3
1217 3496 1388 3593 usurpavi
1421 3498 1519 3567 enim
1544 3500 1583 3570 in'
1604 3486 1726 3574 'linco

130 3617 133 3622 ’
197 3629 406 3728 sulphurato
432 3629 596 3700 fissuram
621 3645 819 3719 recentem,
854 3633 893 3701 in
920 3632 1048 3702 ceteris
1076 3642 1197 3701 autem
1224 3630 1442 3729 corporibus
1469 3632 1678 3732 superficies
1707 3663 1726 3710 a

198 3752 439 3867 memetipso
466 3769 505 3837 in
522 3764 636 3838 bunc
653 3762 766 3838 finem
792 3771 919 3860 recens
944 3773 1106 3838 tornatas
1132 3778 1251 3865 atque·
1269 3762 1415 3866 politas.
1493 3840 1497 3847 ,

338 3900 477 3976 Omnes
507 3903 585 3976 has·
603 3902 812 4004 superficies
843 3900 990 3975 smiride
1023 3916 1060 3976 et
1090 3928 1185 4003 aqua
1210 3904 1248 3974 in
1274 3900 1399 3974 tabula
1424 3868 1537 3979 vitrea
1563 3913 1722 4002 tornavi,

198 4037 400 4111 colcothari
425 4055 462 4113 et
487 4066 580 4142 aspra
593 4043 644 4112 'in
670 4044 786 4112 serico
811 4038 872 4114 rel
898 4037 1062 4139 erioxylo
1088 4037 1219 4138 polivi,
1244 4052 1287 4116 'et
1311 4064 1405 4139 aqua
1431 4039 1515 4117 lavi.
1591 4100 1595 4107 .

258 4192 263 4199 '
326 4175 508 4250 valones-
522 4177 586 4249 nis·
608 4177 863 4249 mansionibus¹
891 4174 1070 4277 explorati
1085 4176 1135 4249 :in
1159 4173 1284 4246 tabula
1311 4178 1481 4277 sequenti
1502 4192 1722 4280 propomm.

195 4324 272 4403 tu'r,
307 4306 369 4386 cui
396 4308 533 4386 eadem·
564 4309 618 4386 est
636 4315 847 4402 institutio,
885 4311 1188 4413 quaeambabus
1221 4311 1601 4418 prioribus1.(§.3fet
1620 4321 1720 4418 35..).
1767 4393 1769 4397 ,

175 4448 308 4521 ,Vaior
334 4443 545 4525 observatus
575 4448 697 4550 anguli
726 4450 997 4553 polarisationis
1028 4445 1157 4550 quoad
1183 4452 1327 4529 mirum
1344 4451 1385 4523 E
1389 4447 1568 4533 ...medius
1596 4468 1651 4527 est
1676 4479 1721 4529 ea
1838 4446 1844 4459 ’

194 4586 387 4677 ambabus,
427 4604 516 4687 quas
547 4584 661 4660 modo
680 4585 818 4679 citavi,
854 4589 1122 4677 mensionibus,
1160 4583 1281 4688 quoad
1310 4585 1494 4687 Pyropum
1525 4587 1664 4673 medius
1697 4615 1717 4662 e
