3758 5708
992 277 1020 368 8

242 490 378 582 randos
416 494 456 565 in
493 516 571 565 uno
610 490 817 600 eodemque
850 489 1050 593 exemplari
1086 504 1281 592 utramque
1312 491 1579 592 proprietatem
1612 492 1774 598 indagari

245 655 339 733 opus
364 654 441 702 esse
465 627 645 704 videatur.

67 863 74 879 ⁹
104 769 176 879 §.73
213 864 220 878 ι
386 765 513 862 Quum
544 769 655 868 igitur
686 763 982 870 disquisitionem
1013 763 1060 838 de
1094 788 1137 837 ea
1162 768 1311 838 materia
1337 764 1445 839 altius
1469 772 1646 870 persequi
1669 773 1771 845 insti·

38 867 407 1008 mraiissituissem,
437 929 531 1007 opus
558 929 636 978 esse
661 902 752 976 mihi
778 907 895 980 visum
921 918 988 993 est,
1018 919 1058 974 ut
1086 903 1200 1003 primo
1224 905 1369 976 monadi
1388 921 1534 1004 eorpom
1561 907 1773 1009 simpliei-

245 1059 310 1115 ter
340 1043 475 1115 lacem
507 1043 799 1143 refrt-agentia
829 1044 867 1114 in
898 1038 1182 1141 disceptationem
1206 1038 1387 1136 vocarem,
1423 1039 1476 1112 ad
1497 1042 1613 1114 vitra
1633 1049 1773 1144 potissi-

211 1270 213 1279 !
245 1195 343 1253 nram
367 1179 576 1279 indaganda
600 1180 759 1253 animum
782 1177 1000 1251 adverterem
1026 1194 1076 1275 et,
1108 1181 1227 1250 vires
1252 1177 1540 1280 refringentes
1562 1195 1672 1284 atque
1695 1208 1773 1256 aar·

240 1316 370 1414 gulos
405 1316 760 1418 polari'sationis
798 1317 839 1388 ia
873 1314 1032 1389 iisdem
1070 1312 1332 1416 exemplaribus
1368 1318 1626 1423 accuratissime
1655 1320 1773 1392 obser·

154 1536 158 1544 ¹
247 1481 347 1550 varas,
384 1456 578 1527 Barmrrar
613 1453 724 1552 Iegem
758 1452 880 1555 quoad
903 1452 999 1526 diana
1023 1478 1206 1552 corporum
1232 1451 1389 1526 ommam
1412 1452 1532 1527 denuo
1556 1433 1773 1555 expertemm

247 1607 430 1666 tentarem.

384 1727 631 1830 Apparatibus
664 1727 757 1801 infra
791 1724 1041 1824 describendis
1074 1730 1269 1802 instructus
1302 1750 1449 1830 sperare
1474 1742 1656 1830 poteram·
1690 1731 1773 1805 fore

245 1881 286 1938 ut
313 1866 585 1963 observationes
611 1867 695 1938 satis
721 1876 911 1937 accuratae-
934 1859 1143 1938 evaderent.

386 2000 431 2072 In
461 2003 586 2102 priore
617 1998 725 2073 huius
752 1995 1019 2073 dissertationis·
1038 2015 1143 2101 parte
1169 1990 1454 2101 descriptionem
1479 1994 1774 2078 instrumentiet

247 2133 425 2227 methodi,
463 2139 596 2237 quibus
629 2133 675 2209 ad
709 2133 951 2238 explorandas
984 2138 1078 2209 vires
1103 2135 1342 2237 refringentes
1366 2161 1453 2209 usus
1478 2162 1572 2230 sum,
1600 2166 1773 2226 necnon

246 2275 375 2347 harum
400 2275 531 2347 virium
557 2273 700 2348 valores
727 2298 747 2347 e
774 2273 1025 2347 mersionibus
1050 2270 1233 2351 derivatos
1258 2275 1299 2346 in
1324 2271 1486 2346 medium
1504 2275 1711 2376 proferam3'
1734 2282 1774 2353 in

246 2411 357 2484 altera
383 2427 492 2512 parte·
512 2413 794 2484 instrumentum
820 2426 931 2512 atque
956 2388 1174 2484 methodum
1199 2412 1238 2482 in
1263 2406 1475 2511 indagandis
1501 2412 1641 2511 angulis
1665 2404 1771 2514 pola-

245 2552 429 2622 risationis
445 2563 625 2648 usurpata
659 2544 863 2620 describam
880 2562 925 2621 et
951 2546 1103 2647 angulos
1129 2544 1341 2622 observatos
1366 2571 1451 2619 cum
1477 2546 1616 2648 anguiis
1643 2574 1772 2624 seeun-

249 2682 336 2757 dum
361 2682 576 2760 Bnnwsrsm
601 2681 719 2785 legem
746 2708 767 2756 e
792 2683 1012 2757 refractione
1037 2686 1256 2786 computatis
1282 2684 1515 2786 comparabo.
1562 2680 1590 2753 .’
1661 2720 1667 2738 -·
1711 2699 1714 2705 ’
1763 2730 1767 2738 «
