3758 5708
234 519 381 592 nicrum
404 517 657 617 microscopiis
684 515 743 613 (in
758 512 873 615 figura
890 538 969 587 non
986 510 1202 614 designatis)
1228 516 1455 587 munitorum
1481 513 1603 615 anguli
1623 512 1669 588 ad
1691 517 1761 589 10‘'

234 679 351 755 usque
381 653 454 754 legi
487 667 524 726 et
554 648 599 725 ad
627 651 672 724 5'‘
697 651 774 724 fere
807 652 988 723 aestimari
1018 663 1185 752 possunt.
1226 649 1272 723 In
1295 675 1373 724 uno
1400 648 1565 724 alidedae
1590 651 1757 744 brachio,

235 787 332 894 apud
349 793 400 882 D,
421 775 700 891 apparatusest‚
732 811 807 890 quo
825 784 968 859 alidadn
985 789 1062 860 sisti
1080 800 1117 859 et
1133 788 1401 860 micrometrice
1419 791 1560 862 moveri
1576 792 1705 890 possit.

372 922 531 1000 Alidada
562 950 672 1026 supra
702 939 869 998 centrum
898 936 1024 1025 portat
1049 948 1177 996 cavum
1203 919 1450 1027 cylindrulum
1473 923 1684 999 verticalem
1708 929 1757 1017 G,

233 1067 335 1138 cuius
362 1065 533 1137 exteriori
557 1064 654 1162 parti
680 1057 755 1133 duo
782 1032 889 1132 affin
915 1070 1001 1132 sunt
1024 1040 1173 1135 brachia
1198 1060 1290 1134 HJJ
1309 1075 1346 1134 et
1370 1062 1433 1151 II,
1468 1086 1627 1162 quorum
1656 1065 1760 1162 prius
1816 1036 1836 1173 Ἰ

232 1201 384 1274 sustinet
407 1197 651 1300 telescopium
671 1200 751 1272 FF
773 1195 846 1271 filis
871 1197 1101 1301 instructum,
1135 1199 1319 1299 posterius
1351 1213 1543 1271 oneratum
1567 1213 1622 1275 est
1644 1197 1758 1272 libra·

231 1352 358 1410 mento
374 1338 430 1426 K,
464 1359 512 1408 ne
538 1330 584 1407 ad
610 1331 804 1434 telescopii
828 1347 971 1435 partem
996 1305 1278 1405 instrumentum
1304 1308 1542 1435 deprimetur.
1587 1333 1676 1408 Axis
1701 1349 1757 1409 te·

185 1449 189 1455 ¹
230 1471 385 1574 lescopii
408 1474 487 1546 FF
509 1485 613 1543 recto
639 1485 738 1543 secat
762 1468 896 1571 angulo
921 1461 1208 1571 productionem
1232 1471 1320 1560 axis,
1356 1472 1452 1543 circa
1478 1495 1592 1572 quem
1616 1467 1758 1544 alidada

230 1611 469 1684 convertitur.
517 1604 642 1701 Quum
674 1605 916 1708 telescopium
939 1607 1019 1681 FF
1042 1632 1126 1679 cum
1152 1603 1359 1708 cylindrulo
1379 1610 1415 1682 G
1446 1622 1557 1708 atque
1587 1605 1648 1681 hic
1674 1634 1759 1681 cum
1837 1643 1841 1648 ¹

231 1741 375 1818 alidada
398 1742 503 1816 firme
529 1746 575 1816 sit
600 1745 830 1834 coniunctus,
859 1740 1102 1844 telescopium
1126 1745 1275 1815 nonnisi
1299 1768 1372 1815 una
1398 1769 1482 1817 cum
1508 1740 1650 1817 alidada
1675 1771 1756 1817 mo·

102 1936 109 1952 .
230 1883 308 1956 veri
331 1896 469 1982 potest.

373 2014 515 2090 cavum
539 1989 736 2117 cylindruli
755 2002 792 2088 G
817 2014 984 2087 continet
1007 2032 1112 2086 axem
1128 2015 1167 2087 in
1183 2010 1431 2116 productione
1449 2017 1528 2089 eius
1545 2019 1633 2107 axis,
1663 2020 1758 2092 circa

183 2128 184 2135 ἵ
232 2178 345 2255 quem
369 2148 513 2225 alidada
538 2154 775 2241 convertitiu,
805 2153 927 2241 situm,
958 2151 1022 2253 qui
1046 2164 1171 2251 portat
1196 2148 1337 2224 discum
1361 2178 1426 2242 aa,
1456 2149 1550 2225 duos
1575 2153 1652 2227 fere
1671 2155 1756 2256 pol-

229 2289 319 2364 lices
351 2287 530 2362 diametro
562 2289 825 2378 continentem,
862 2289 912 2360 ita
936 2301 979 2360 ut
992 2285 1064 2369 hic
1089 2303 1280 2365 moveatur
1307 2285 1458 2388 quidem
1481 2315 1555 2363 una
1580 2317 1665 2365 cum
1689 2289 1758 2364 ali-

231 2424 338 2517 dada,
375 2423 438 2499 sed
471 2423 570 2499 solus
603 2447 754 2527 quoque
787 2425 952 2498 converti
976 2427 1105 2525 possit.
1149 2423 1282 2496 Discus
1307 2451 1360 2494 aa
1385 2426 1538 2499 sustinet
1562 2452 1695 2501 nucem
1719 2455 1753 2518 c,

231 2589 347 2665 eaque
373 2587 448 2635 nux
473 2561 630 2633 alterum
655 2557 819 2633 eiusdem
844 2555 1013 2632 diametri
1042 2561 1136 2658 gerit
1158 2557 1300 2633 discum
1319 2559 1396 2660 vdd,
1430 2563 1470 2649 in
1495 2587 1572 2663 quo
1597 2588 1757 2666 corpora

233 2694 459 2774 observanda
483 2711 683 2798 ponantur,
721 2710 758 2768 et
787 2697 851 2796 qui
877 2698 980 2768 nucis
1005 2711 1110 2768 motu
1135 2692 1181 2767 ad
1207 2694 1438 2771 horizontem
1461 2723 1589 2774 versus
1609 2700 1757 2802 paullu-

231 2837 310 2911 lum
334 2833 501 2911 inclinari
526 2834 629 2907 etin
654 2848 696 2906 ee
720 2835 907 2934 positione
933 2833 1051 2907 tribus
1077 2830 1236 2906 cochleis
1254 2835 1287 2924 b,
1308 2835 1384 2926 hb
1410 2835 1587 2939 (murum
1610 2851 1756 2912 tantum

216 2973 324 3080 ‘dune
349 2975 389 3045 in
413 2970 528 3070 figura
553 2971 844 3069 conspiciuntur)
870 2967 1008 3041 firmari
1031 2984 1168 3069 potest.
1209 2969 1327 3042 Huius
1343 2966 1436 3046 disci
1451 2990 1617 3047 centrum
1635 2972 1755 3074 (quod

229 3107 323 3184 dune
349 3104 517 3180 diametri
541 3107 651 3179 rectis
676 3107 772 3178 inter
797 3129 836 3177 sc
861 3103 1001 3206 angulis
1027 3100 1158 3182 ductae
1184 3104 1416 3206 significant),
1453 3107 1603 3210 quando
1635 3109 1756 3186 discus
1810 3075 1817 3086 ί

229 3244 274 3320 ad
299 3245 531 3320 horizontem
554 3240 722 3333 libratur,
751 3245 860 3316 situm
886 3245 1004 3317 estin
1028 3239 1216 3344 producto
1240 3267 1306 3316 axe
1332 3248 1601 3341 conversionis3
1629 3271 1758 3350 mergo

232 3387 308 3459 eius
332 3381 547 3456 inferiorem
570 3376 763 3482 telescopii
779 3381 860 3453 FF
881 3380 1082 3478 marginem
1106 3403 1231 3461 uersus
1254 3382 1468 3479 porrigitur.

79 3532 109 3618 §.
119 3547 162 3596 10.
370 3519 455 3591 Hoc
480 3520 722 3588 instrumento
748 3511 896 3616 duplice
920 3517 1062 3590 ratione
1087 3540 1173 3588 usus
1198 3537 1293 3606 sum,
1325 3530 1405 3588 tum
1435 3512 1481 3589 nd
1508 3517 1754 3620 explorandos

40 3625 216 3757 Uffiffifm‘
230 3658 445 3758 prismatum
469 3650 622 3754 angulos
647 3651 899 3753 refringentes‚
927 3667 1008 3726 tum
1032 3647 1079 3725 ad
1104 3648 1498 3726 metiendamluminis
1523 3655 1669 3733 refracti
1689 3654 1752 3732 de-

228 3791 424 3868 flexionem
450 3790 497 3865 de
521 3793 592 3865 via.

280 4047 328 4120 A.
358 4072 565 4138 METHODUS,
596 4072 671 4135 Qun
688 4069 897 4118 PRISMA'I'UM
914 4069 1052 4117 Ancum
1073 4069 1341 4119 REFRINGENTES
1364 4072 1570 4123 EXPLORA'I'I
1592 4074 1696 4123 SUNT.

368 4200 518 4272 Mensus
543 4225 625 4272 sum
649 4197 801 4299 angulos
822 4201 1037 4300 prismatum
1058 4197 1311 4300 refringentes,
1341 4198 1430 4276 dum
1445 4228 1561 4274 unum
1577 4199 1751 4308 idemque

231 4337 417 4410 obiectum
443 4337 489 4407 ab
514 4338 679 4436 utrisque
706 4360 835 4408 eorum
860 4334 1122 4438 superficiebus
1148 4336 1340 4413 observavi
1364 4336 1552 4412 reflexum.

63 4452 160 4568 x§.rc
372 4471 533 4574 Cogites‚
569 4469 608 4545 in
640 4474 870 4573 instrumenti
903 4470 1076 4576 descripti
1106 4468 1208 4546 disco
1231 4474 1290 4556 dd
1311 4477 1447 4576 prisma
1471 4476 1521 4548 ita
1548 4501 1625 4551 esse
1649 4480 1747 4577 posi-

51 4574 198 4632 Methodns
590 4611 599 4626 .
671 4610 678 4626 .
1030 4613 1038 4628 .
1168 4613 1176 4629 .
1439 4615 1447 4630 .
1721 4613 1729 4628 .

27 4626 321 4710 observationum,
349 4625 391 4682 ut
415 4636 540 4710 margo
567 4633 643 4683 eius
668 4605 892 4710 mdagandus
919 4637 1003 4684 cum
1027 4609 1109 4703 illo,
1144 4636 1238 4684 cuca
1265 4636 1376 4711 quem
1399 4609 1543 4687 ahdada
1569 4625 1747 4686 conreru·
