3758 5708
986 293 1043 381 14

248 533 330 579 nem
357 507 544 594 obiectum
568 501 732 596 videtur3
760 521 842 578 tum
865 528 1013 578 necesse
1040 519 1107 594 est,
1135 505 1168 576 si
1184 528 1289 577 arcus
1305 502 1395 594 BA,
1424 501 1541 592 B'A',
1569 503 1644 578 ΟΕ
1670 506 1780 577 rectis

248 642 387 744 angulis
414 639 459 715 ad
487 641 666 715 circulum
689 642 780 718 AA'
797 638 995 732 ducimur,
1023 664 1102 713 esse

747 841 1270 919 AB=A'B'=EC=oe

247 1045 326 1119 Iam
357 1049 388 1119 si
420 1071 489 1147 per
520 1059 657 1146 puncta
688 1049 723 1121 C
757 1060 795 1119 et
825 1045 879 1118 B'
902 1041 1061 1118 circulus
1090 1045 1267 1117 maximus
1298 1044 1467 1145 ponitur,
1503 1043 1568 1144 qui
1600 1039 1780 1117 circulum

245 1183 337 1257 AA‘
362 1185 401 1255 in
425 1197 565 1283 puncto
591 1184 630 1255 D
655 1198 767 1274 secat,
796 1196 852 1256 est

793 1383 957 1460 AEDC
980 1393 1024 1468 [M.
1047 1381 1232 1456 AA'DB'

149 1496 159 1509 “
248 1481 347 1556 unde

888 1585 967 1659 CI)
990 1615 1037 1652 =
1061 1584 1152 1659 B'D

250 1795 387 1891 itaque,
425 1794 601 1892 quoniam
626 1791 728 1864 B'M
748 1788 942 1864 incidentis
969 1805 1007 1863 et
1031 1789 1117 1864 CM
1138 1787 1265 1862 reflexi
1288 1787 1383 1862 radii
1409 1786 1562 1863 directio
1589 1790 1781 1879 est,‘MD

250 1943 304 2000 est
327 1926 425 2000 linea
451 1926 497 1998 ad
524 1925 756 2027 superficiem
780 1925 1031 1998 reflectentem
1055 1921 1385 2025 perpendicularis.

386 2061 563 2163 Sequitur
586 2087 676 2135 vero
703 2085 747 2133 ex
775 2059 978 2135 eorundem
1001 2059 1268 2160 triangulorum
1294 2062 1533 2159 congruentia

884 2269 969 2343 ΕΙ)
992 2299 1038 2335 =
1063 2267 1154 2341 A'D

249 2483 386 2579 itaque,
416 2477 592 2578 quoniam
608 2476 648 2550 A
652 2475 713 2549 'M
734 2473 831 2549 foret
855 2473 949 2549 radii
973 2470 1166 2547 incidentis
1194 2488 1230 2546 et
1249 2473 1335 2546 ME
1351 2468 1444 2544 radii
1463 2470 1589 2544 reflexi
1606 2469 1779 2562 directio,

197 2597 199 2602 ¹
250 2619 281 2686 si
305 2615 435 2686 titium
459 2637 490 2682 x
506 2635 586 2683 :o
612 2625 719 2700 esset,
755 2615 863 2682 etiam
893 2609 967 2683 hoc
998 2636 1084 2683 casu
1110 2610 1195 2683 MD
1224 2607 1323 2682 linea
1341 2607 1449 2682 'foret
1474 2605 1520 2681 ad
1547 2605 1780 2710 superficiem

48 4305 214 4364 niadcflexio

49 4399 130 4506 quoss
102 4377 212 4434 ui'odo
190 4385 244 4431 unt

50 4451 210 4594 appetant.

100 4598 108 4621 i

249 2747 500 2823 reflectentem
523 2743 852 2849 perpendicularis.

383 2883 517 2985 Itaque
536 2861 675 2984 quoad
708 2880 914 2984 superficiei
943 2878 1163 2956 reflectentis
1192 2883 1417 2984 positionem
1442 2877 1597 2983 perinde
1623 2898 1678 2955 est
1702 2885 1780 2956 sive

252 3020 356 3094 adest
378 3023 508 3092 vitium
532 3046 577 3107 x,
606 3023 681 3093 sive
699 3017 821 3103 deest;
848 3042 970 3117 neque
995 3018 1069 3089 hoc
1093 3021 1222 3090 vitium
1249 3015 1452 3116 quidquam
1470 3023 1649 3091 momenti
1666 3017 1782 3092 habet

249 3156 294 3229 ad
322 3153 475 3257 angulos
500 3151 746 3259 inclinationis
770 3178 840 3254 per
864 3150 1102 3226 reflexionem
1127 3149 1346 3226 metiendos.

383 3293 508 3392 Quare
531 3293 672 3362 omm'no
696 3293 934 3363 mansionibus
955 3291 1023 3359 Illis
1047 3290 1170 3361 nullae
1188 3289 1412 3362 adhibendae
1431 3307 1517 3363 sunt
1535 3296 1776 3367 correctiones.

250 3762 296 3836 B.
326 3783 536 3849 massonus,
566 3782 641 3846 oua
658 3781 777 3831 vinus
800 3779 1034 3828 mcmsnrnn
1059 3779 1216 3828 ananus
1234 3779 1414 3829 nsmnxio
1431 3778 1580 3831 tonnus
1598 3783 1779 3834 enisum

686 3941 689 3945 ,
732 3883 959 3930 annuamus
985 3882 1203 3931 amonim
1229 3881 1303 3930 ssa.

310 4080 313 4087 ·
388 4047 434 4120 In
464 4045 521 4118 his
555 4071 707 4149 quoque
740 4047 1057 4121 observationibus
1088 4043 1319 4120 instituendis
1350 4049 1487 4148 prisma
1519 4050 1559 4118 in
1589 4045 1691 4122 disco
1721 4051 1782 4123 dd

220 4185 353 4286 ·(Fig.
368 4187 422 4281 1.)
456 4185 506 4255 ita
535 4182 758 4274 collocatur,
791 4197 835 4256 ut
864 4185 942 4255 eius
972 4207 1097 4282 margo
1130 4209 1214 4255 cum
1245 4207 1331 4274 axe,
1365 4186 1461 4258 circa
1492 4209 1605 4284 quem
1634 4182 1779 4260 alidada

254 4323 493 4409 convertitur,
521 4334 711 4420 congruat,
738 4321 789 4392 ita
812 4333 949 4411 tamen,
975 4335 1020 4393 ut
1044 4318 1201 4392 alterum
1226 4322 1303 4393 eius
1328 4319 1422 4394 latus
1447 4347 1510 4393 nto
1537 4320 1637 4423 (Fig
1647 4326 1704 4420 5.)
1731 4323 1777 4397 ad

253 4458 446 4560 telescopii
473 4461 609 4532 vitmm
638 4457 875 4549 obiectivum,
910 4432 1066 4530 altemm
1097 4473 1221 4531 autem
1244 4486 1311 4554 mn
1341 4453 1387 4530 ad
1413 4473 1594 4532 remotam
1616 4459 1777 4558 aliquam

144 4647 148 4654 -
250 4594 440 4712 lucernam
468 4609 622 4701 spectet.
662 4591 850 4701 Prismatis
878 4597 1016 4698 positio
1048 4621 1132 4697 erga
1160 4593 1440 4697 telescopium
1429 4612 1526 4670 mter
1551 4597 1775 4669 observatio-

1167 4841 1171 4849 ·
1301 4820 1316 4855 Ι
